2836 4672
150 183 211 246 146

109 348 193 415 Stat.
217 347 321 415 Theb.
344 347 396 415 IV
419 351 457 414 61

573 469 699 530 quaque
722 449 844 514 obiacet
866 449 933 514 ulto

191 549 337 615 Istbmos
360 555 390 614 et
412 571 434 613 a
456 550 555 614 terris
577 550 687 614 maria
708 550 872 614 iuriiuatu
893 550 1032 630 repellit.

191 666 343 733 Haskins
370 665 459 732 inter
485 688 520 732 sa
546 668 755 754 comparauit
780 667 882 752 Verg.
904 665 992 734 Aen.
1014 667 1073 733 HI
1094 670 1252 734 414-419
1269 673 1293 732 et

108 767 285 834 Claudian.
308 767 411 855 Rapt.
432 767 585 854 Proserp.
607 766 627 832 I
650 771 816 834 140-144
837 770 1018 852 (142-146
1040 767 1163 853 Koch).

106 1018 143 1083 Π
167 1020 227 1085 506
441 1121 560 1184 mediis
580 1121 727 1200 subrepit
748 1121 845 1184 uiuea
867 1121 972 1184 muris

191 1269 341 1335 Verbum
367 1270 455 1335 illud
481 1272 598 1336 mediis
619 1272 806 1357 impugnat,
829 1276 869 1336 ut
891 1271 981 1358 quod
1002 1293 1124 1358 parum
1146 1269 1289 1353 intellige·

106 1377 178 1452 tur;
205 1371 328 1436 eoniait
354 1375 450 1454 utque
475 1372 562 1436 imis,
606 1371 672 1438 Sed
698 1376 732 1438 et
753 1370 855 1438 facile
876 1370 1086 1457 intelligitur
1105 1370 1205 1438 lectio
1223 1367 1288 1434 eodi-

107 1494 182 1537 eum
214 1511 256 1521 -
288 1493 365 1536 nam
398 1473 487 1536 muri
518 1473 607 1539 inter
638 1477 752 1559 partes
777 1477 967 1559 pugnantes
993 1472 1097 1537 medii
1118 1478 1198 1538 sunt
1215 1473 1290 1532 -et

107 1571 236 1637 auxilio
258 1569 373 1637 uocari
394 1578 535 1659 possunt
556 1573 621 1640 loai
642 1573 752 1654 multi,

106 1672 207 1757 Verg.
230 1670 316 1737 Aen.
338 1670 392 1736 IX
416 1676 474 1738 142
712 1670 713 1674 ’

509 1773 627 1854 quibus
649 1773 726 1839 beer
747 1774 849 1838 medii
869 1774 994 1856 fiducia
1014 1773 1100 1839 ualli

100 1954 101 1957 Ἴ
189 1872 419 1956 fossarumque
441 1893 559 1954 morae,
584 1874 640 1939 leti
663 1875 855 1939 discrimina
870 1895 989 1956 parua,

190 1975 271 2038 daut
292 1975 428 2039 ammos.

106 2075 143 2140 Π
166 2077 226 2140 629

189 2197 246 2240 uer
270 2176 343 2241 lieet
365 2177 408 2240 ad
430 2176 531 2240 duros
552 2176 696 2241 Martem
718 2181 904 2241 aouuertere
926 2177 1079 2258 Hiberos,

190 2298 262 2342 rum
285 2277 410 2341 mediae
431 2278 559 2341 iareuut
579 2278 746 2341 immensis
769 2278 926 2342 tractibus
947 2279 1052 2359 Atreis

191 2478 261 2543 lure
283 2499 370 2542 uouu
392 2478 505 2543 collem
527 2479 634 2543 subito
658 2480 870 2544 eousreudere
892 2500 998 2561 rursu,

189 2580 246 2660 qui
268 2580 396 2644 medius
418 2584 520 2643 tutam
544 2580 660 2644 eastris
682 2579 855 2643 dirimebat
876 2579 1035 2661 Ilerdam,

188 2681 327 2760 imperat

103 2778 156 2845 IV
179 2783 218 2845 18

506 2881 630 2945 medias
653 2882 781 2946 dirimit
802 2883 940 2947 tentoria
961 2903 1094 2966 yurqes.

104 2980 159 3045 IX
181 2983 240 3046 301

505 3083 563 3146 sed
584 3084 648 3148 iter
668 3084 786 3148 mediis
808 3088 929 3148 matura
950 3087 1085 3151 uetabat

187 3179 339 3264 Syrtibus

104 3416 122 3481 Ι
188 3315 367 3383 Translate
389 3317 570 3384 adhibetur

145 3419 205 3482 322

280 3537 395 3583 ausum
418 3521 543 3583 medius
557 3539 769 3602 perrumpere
791 3521 895 3585 milite
918 3521 1005 3603 leues

103 3617 154 3683 VI
178 3620 217 3685 99

187 3741 244 3784 uer
266 3720 368 3784 medii
390 3721 553 3785 dirimuut
574 3722 678 3786 morbi
700 3723 866 3805 uitamque
887 3744 1057 3806 ueramque

102 3970 140 4036 H
163 3976 203 4037 54

186 3978 244 4138 ube
266 4076 373 4156 mauis
394 4075 453 4139 boe
476 4075 605 4154 bellum,
629 4096 725 4160 quam
749 4077 835 4157 quad
860 4076 1004 4142 Catilina
1019 4079 1158 4159 parauit

187 4193 320 4239 arsuras
341 4176 376 4239 iu
400 4180 480 4240 terta
501 4177 590 4257 fures
