2836 4672
203 179 244 242 38

246 353 408 408 Futurum
444 341 486 408 In
518 341 841 428 interrogationibus
865 344 1120 429 indignantium
1142 369 1246 413 usum
1268 349 1365 414 futuri

163 451 197 509 et
228 443 415 531 praesentis
447 441 532 509 ooni.
564 444 693 508 uariari
725 464 745 509 a
776 443 915 509 Lucano
942 466 1045 531 supra
1071 447 1216 512 ostendi.
1261 449 1365 515 Aliter

163 544 315 609 futurum
338 545 544 610 coniunctiui
565 543 809 609 ›deliberatiub
831 544 929 629 fungi
950 547 1102 632 potuisse
1123 547 1262 614 uicibus
1281 550 1364 614 nullo

161 643 318 709 Luoaueo
350 645 422 710 loeo
454 644 703 730 comprobatum
735 645 877 729 repperi.
904 683 946 693 -
975 644 1238 713 Gonoessiuum¹
1265 650 1364 716 futuri

162 766 260 808 usum
283 746 372 832 apud
393 744 567 810 Lucanum
591 766 655 808 non
678 742 803 808 iuueni.
846 742 912 810 Sed
934 745 1132 831 contiguum
1152 745 1301 815 fortasse
1322 757 1363 816 est

162 844 315 910 futurum
339 845 448 909 licebit
469 844 522 908 his
544 845 626 909 locis

161 961 232 1028 VII
253 965 315 1028 855

246 1065 357 1128 amaia
379 1063 538 1126 maiorum
560 1066 725 1126 amamus
747 1063 840 1127 basta
863 1063 989 1128 iicebit²

240 1264 322 1344 pias
344 1266 488 1329 cineram
510 1261 712 1327 Haemoniae
732 1263 835 1328 sarias
858 1264 986 1329 tellaria
1008 1271 1122 1330 arator

162 1381 252 1448 VHI
275 1385 335 1448 629

673 1489 834 1564 spargant
857 1484 1057 1566 lacerentque
1080 1485 1199 1566 licebit,

245 1604 318 1647 sara
341 1589 457 1661 tamea,
480 1604 498 1648 o
519 1585 641 1663 superi,
661 1583 745 1663 felic

246 1717 361 1805 Atque
394 1724 538 1784 metrum
571 1717 706 1803 quidem
739 1719 782 1784 ad
814 1720 967 1785 futurum
1000 1721 1194 1805 eligendum
1227 1724 1364 1790 multum

163 1819 312 1886 uoluisse
334 1818 423 1886 oredi
444 1824 563 1907 potest.

247 1918 471 1985 Coniunctiuo
493 1919 672 2006 potentiali
694 1921 891 2006 contiguum
912 1943 984 1987 esse
1006 1944 1261 2010 nonnumquam
1280 1924 1364 1990 uide·

162 2027 220 2087 tur
254 2019 290 2086 id
322 2021 485 2100 futurum,
518 2020 609 2108 quod
640 2021 703 2085 fut.
736 2020 1044 2107 probabilitatis
1077 2023 1247 2109 appellari
1280 2027 1364 2092 solet.

161 2119 365 2208 Exemplum
388 2122 488 2188 affert
510 2119 709 2200 Obermeier,

161 2256 180 2322 Ι

203 2260 313 2422 30aaa
335 2363 380 2437 ta,
403 2357 529 2440 Pyrrhe
550 2357 651 2438 feroc,
674 2378 731 2422 aec
754 2360 855 2422 tantis
877 2358 1025 2424 cladibus
1046 2363 1159 2422 aaotor

247 2460 377 2524 Poeaas
399 2461 461 2524 erit
482 2458 529 2543 (V
541 2459 624 2523 eod:
649 2460 730 2542 erat)

248 2593 413 2660 Haskins:
451 2616 509 2658 ›so
548 2593 627 2658 oliae
664 2594 862 2676 qaaereati›;
895 2593 953 2657 sed
985 2595 1098 2680 potius
1131 2595 1290 2662 fortasse:
1323 2598 1366 2661 »in

164 2694 312 2759 eludium
344 2717 479 2760 oausam
513 2694 542 2759 si
575 2691 876 2782 inquisiuerimus».
909 2731 951 2741 -
983 2694 1084 2760 Blaae
1117 2699 1136 2778 ξ
1165 2698 1204 2760 12
1227 2695 1367 2764 Anna

162 2797 208 2881 (p.
243 2797 319 2879 123)
352 2816 424 2860 esse
457 2796 506 2860 ait
532 2796 594 2859 erit
612 2826 646 2850 =
664 2794 797 2874 falacias
822 2798 891 2857 erat
911 2797 961 2879 (=
978 2801 1083 2861 warst
1104 2818 1181 2860 vom
1204 2795 1368 2865 Gesohiok

163 2893 336 2961 bestimmt
367 2918 410 2960 zu
442 2896 585 2974 werden,
612 2896 743 2961 solltest
768 2896 925 2980 werden).
970 2894 1037 2961 Sed
1058 2896 1156 2960 illum
1178 2897 1368 2964 insensum

163 2996 317 3061 futurum
350 2996 508 3083 accipere,
541 2994 601 3060 nbi
634 3018 699 3060 non
731 2996 953 3061 obuersautur
985 2996 1090 3061 menti
1116 2998 1196 3062 uiue
1221 3003 1368 3088 tempora

163 3096 244 3161 belli
277 3097 399 3162 Puuioi
432 3096 578 3176 secundi,
613 3097 671 3162 sed
703 3098 738 3160 in
770 3097 919 3162 transitu
952 3097 1059 3161 solum
1085 3098 1368 3185 perstringuntur,

162 3197 311 3284 profecto
343 3219 408 3262 non
441 3195 531 3263 lieet.
577 3196 735 3264 Conferre
760 3199 841 3264 licet
862 3197 1024 3275 libellum,
1048 3219 1148 3284 quem
1170 3199 1369 3288 inscriptum

163 3297 333 3363 Futurum
366 3296 575 3364 Historioum
607 3299 653 3363 im
687 3297 809 3364 Latein
842 3319 883 3363 ax
916 3297 1023 3365 Erani
1049 3299 1116 3364 nol.
1143 3298 1195 3364 VI
1223 3321 1369 3366 seorsum

164 3420 356 3485 expressum
390 3398 498 3464 edidit
530 3421 559 3464 a.
594 3402 674 3465 1905
701 3399 814 3465 Johan
837 3399 1060 3466 Samuelsson.
1109 3397 1278 3486 Exempla
1299 3402 1370 3468 eius

164 3521 245 3563 usus
267 3498 434 3579 Lnoauea,
450 3522 554 3587 quum
570 3499 603 3566 S.
621 3500 801 3586 diligenter
815 3500 989 3585 collegerit
1003 3505 1037 3565 et
1052 3505 1147 3565 acute
1161 3502 1370 3581 traotauerit,

165 3599 287 3666 afferre
310 3600 517 3686 supersedeo.
540 3641 582 3649 -
604 3600 671 3668 Sed
693 3603 735 3666 ad
756 3601 820 3666 fut.
843 3601 1094 3687 probabilitatis
1110 3598 1217 3665 redeo.
1255 3603 1371 3690 Atque

165 3701 209 3766 ad
240 3700 329 3766 huno
361 3702 470 3767 futuri
502 3725 601 3767 usum
634 3702 868 3790 explicandum
895 3724 961 3766 non
988 3701 1053 3766 erit
1075 3699 1198 3765 inutile
1222 3703 1371 3769 conferre

164 3802 281 3868 futura
306 3802 487 3889 primariae
514 3826 589 3868 oum
612 3803 779 3869 sententia
801 3801 1022 3868 oondioioneli
1044 3802 1253 3882 oouiuuotae3
1276 3804 1372 3868 uelut

250 3991 258 4022 ¹
277 3991 354 4042 Hune
379 3992 463 4041 futuri
485 4005 562 4041 usum
585 3991 723 4042 illustrant
744 3991 804 4053 loci,
822 3991 914 4054 quales
932 3992 995 4040 sunt
1012 3989 1106 4040 Horat.
1125 3990 1153 4041 0.
1171 3989 1235 4040 Ivn
1252 3987 1281 4048 1:
1300 3991 1372 4043 Im

165 4055 193 4118 3;
220 4058 263 4110 III
281 4073 354 4110 xxm
379 4055 425 4117 13;
447 4057 536 4123 Epist.
559 4055 662 4109 1124.
699 4058 764 4109 Item
783 4061 900 4109 conferre
918 4058 981 4108 lieet
998 4058 1074 4121 Verg.
1092 4057 1157 4108 Aen.
1175 4054 1295 4119 V18473
1313 4057 1372 4110 uide

165 4124 214 4176 Ad.
233 4126 372 4190 Kiessling
389 4125 421 4176 ad
440 4127 527 4176 locum
542 4125 658 4243 primum
677 4127 796 4176 allatum.

250 4191 260 4222 ²
278 4194 403 4244 Horatius
421 4207 524 4258 quoque
553 4188 636 4244 iccbit
653 4194 732 4243 semel
750 4192 830 4244 habet
847 4193 876 4242 iu
894 4192 968 4242 exitu
985 4206 1085 4255 uersus,
1102 4190 1185 4256 Epod.
1203 4191 1254 4243 XV
1272 4189 1312 4243 19.
