2836 4672
1188 193 1228 256 79

59 360 170 426 dicere
203 359 315 424 noluit
347 359 505 423 nimirum
531 365 630 445 poeto
651 359 807 425 Curionis
831 358 1055 444 eloquentiam
1079 363 1270 444 ueteresque

59 460 190 545 ingenii
224 460 314 524 uIres
348 460 492 524 multum
517 460 625 545 primo
648 459 813 545 profuisse
834 458 967 543 legibus
990 463 1023 522 et
1044 459 1093 522 rei
1114 458 1270 544 publicae

58 561 125 645 (efr
156 560 175 624 I
209 561 271 625 270
304 583 354 647 sq.
381 598 422 606 —
449 559 488 624 de
515 558 659 625 Curione
682 561 858 644 egitur-
880 580 947 623 uorr
969 558 1133 639 quemdum
1150 558 1269 638 populi

59 661 303 741 libertatemque
337 662 421 724 tueri
439 661 445 746 Ι
464 679 565 724 ausus
598 664 629 724 et
660 664 803 723 armatos
823 660 914 738 plebi
941 661 1074 723 miseere
1095 661 1267 744 77777777),

58 768 133 827 tum
156 782 239 826 uero
262 760 440 827 Curionem
462 761 597 845 ingenio
619 781 723 846 praue
745 781 843 824 usum
866 760 1010 824 multum
1032 760 1183 824 nocuisse
1205 759 1270 840 (ofr

58 883 115 927 uu.
140 863 202 928 816
226 883 297 949 sqq.
320 866 500 926 uoeueruut
520 861 637 939 777777,
655 864 832 940 postquam
849 910 856 924 .
873 909 905 925 ..
929 865 1116 924 trousuereo
1132 863 1271 923 merrtem

58 963 195 1026 dubiam
228 966 368 1026 torreute
401 962 561 1039 tuteruut;
579 965 584 1044 7
603 966 861 1042 momentumque
892 962 960 1042 fuit
992 965 1135 1024 mutatus
1168 958 1268 1024 Curio

57 1065 192 1147 rerum).
236 1063 393 1142 Sequenti
416 1084 493 1147 ergo
508 1092 542 1116 =
557 1061 733 1149 »quamdiu
755 1067 889 1127 secutus
908 1067 983 1127 est».
1005 1101 1047 1108 ——

143 1162 357 1229 Indioatiuus
391 1184 522 1251 quoque
548 1163 700 1240 occurrit,
728 1162 829 1248 idque
855 1162 915 1226 ubi
937 1162 1177 1249 qualitatiuem
1197 1161 1269 1224 uim

58 1265 95 1328 in
118 1264 265 1328 relatiua
286 1284 344 1328 sen
366 1264 475 1328 tentio
496 1265 605 1328 inesse
626 1263 687 1326 uix
707 1263 809 1328 liceat
830 1284 961 1346 negare.
1006 1262 1111 1328 Velut
1132 1260 1185 1326 IX
1207 1262 1268 1325 202

58 1386 108 1450 sq.
132 1363 257 1428 olorum
279 1368 309 1428 et
324 1363 507 1428 uenerabile
522 1383 638 1427 uomeu
656 1369 662 1447 Ι
681 1363 841 1444 97777777,
858 1367 888 1426 77
902 1363 1041 1426 muttum
1056 1366 1166 1426 uestro
1183 1361 1269 1442 quod

52 1464 213 1545 proderat
234 1465 318 1528 urbi.

57 1565 112 1632 IX
136 1566 195 1630 601

144 1684 213 1730 eece
228 1684 353 1745 pareus
374 1685 473 1730 uerus
488 1666 629 1744 patriae,
652 1664 871 1744 7797777777
892 1665 971 1741 oris,

143 1765 260 1843 Romo,
284 1767 361 1845 7777,
379 1785 441 1845 per
463 1786 557 1846 quem
579 1783 758 1845 uumquom
780 1765 891 1828 iurare
907 1764 1054 1844 pudebit,

11 1921 14 1927 .
142 1871 174 1931 et
195 1886 299 1950 quem,
322 1868 353 1930 si
374 1869 502 1930 steteris
524 1885 680 1946 umquem
702 1866 964 1955 cimmerium,

141 1988 231 2032 mum
253 1967 331 2031 otim
352 1969 480 2049 foetura
504 1967 598 2031 iteum
620 1987 663 2031 ee.

56 2067 111 2132 IX
133 2070 194 2133 607

302 2171 459 2232 iuueutus
480 2169 601 2232 mediis
622 2169 698 2250 foris
721 2188 808 2231 7777
830 2166 961 2231 7777777

142 2269 259 2349 torque
280 2288 392 2350 oquae,
415 2270 472 2333 777
498 2263 591 2350 quem
612 2272 798 2347 serpentum
821 2268 915 2331 turba
938 2268 1063 2332 terrebat

141 2371 203 2434 777
225 2372 372 2450 cupiente
395 2370 472 2435 loeo.

55 2469 112 2537 IX
135 2473 197 2535 766

135 2589 248 2650 paruo
270 2571 365 2635 morto
387 2589 528 2651 serpeus,
552 2570 608 2635 sert
630 2590 694 2650 quo
716 2590 783 2635 mou
804 2570 873 2633 utto
895 2574 1045 2634 erueutoe

139 2675 271 2735 tautum
293 2673 409 2736 mortis
430 2672 532 2738 77777.

56 2770 91 2836 X
115 2774 174 2837 161

142 2892 293 2952 ereepere
315 2893 449 2952 merum,
472 2874 529 2938 777
551 2893 618 2937 777
640 2872 845 2937 Mareotidos
867 2891 959 2950 7777,

141 2975 252 3039 mobile
272 2974 329 3037 sert
345 2975 466 3053 paucis
487 2975 616 3038 serium
638 2975 692 3039 eui
714 2973 853 3038 77777777
874 2973 973 3036 77777

141 3075 341 3138 indomitum
364 3077 478 3140 Meroe
500 3095 617 3156 779777
638 3093 790 3153 spumare
811 3072 1001 3138 Faleruum.

143 3173 320 3240 Sententia
341 3175 399 3240 rel.
423 3174 504 3240 hoec
525 3197 585 3260 per
606 3175 664 3238 777
685 3174 825 3241 inducte
839 3178 916 3260 poet
930 3173 1140 3257 negationem
1156 3173 1267 3259 posite

57 3275 162 3340 oliam
189 3275 431 3361 quodammodo
458 3275 559 3341 hebet
584 3276 655 3339 uim
678 3297 779 3362 quem
800 3275 986 3339 sententiae
1009 3295 1111 3359 supra
1133 3273 1266 3352 7717777,

56 3375 116 3440 777
137 3380 252 3441 tomen
275 3376 480 3462 qualitatiua
502 3381 560 3441 est.
605 3375 834 3441 Indicetiuum
856 3375 938 3439 item
960 3374 1062 3439 hebet
1082 3374 1115 3441 V
1138 3377 1265 3460 741sq.

56 3477 150 3540 ueuit
172 3480 294 3540 moesto
316 3476 387 3541 dies
409 3480 439 3540 et
461 3495 558 3557 quom
580 3478 782 3555 nimiumque
798 3494 980 3556 purumque
999 3475 1004 3558 7
1024 3475 1223 3539 distulimus

141 3575 185 3641 In
207 3576 361 3641 relatiuis
384 3577 568 3655 sententiis,
592 3597 677 3663 quoe
693 3575 735 3640 ed
751 3575 927 3654 adieetiue,
944 3576 1060 3661 qualia
1075 3580 1155 3640 sunt
1169 3595 1265 3654 7777,

55 3679 188 3761 urricus,
221 3677 319 3755 77777,
353 3677 553 3756 referuntur,
579 3677 663 3742 ooni.
690 3676 847 3762 frequens
869 3696 940 3740 7777
962 3676 1056 3740 solet.
1101 3674 1267 3760 Exempla

54 3799 166 3866 peuce
202 3778 361 3844 Lueoneo
397 3777 630 3843 inueniuntur:
675 3775 769 3842 Coni.
807 3776 1002 3862 potentialis
1034 3796 1163 3861 quoque
1196 3795 1266 3840 esse

55 3884 170 3967 potest
194 3877 227 3942 h.
249 3878 282 3957 1.,
305 3876 397 3943 VIII
418 3880 480 3943 429
503 3898 552 3963 sq.
575 3898 655 3959 9777
677 3878 775 3942 unico
797 3877 914 3941 muruti
936 3881 992 3955 est,
1012 3879 1017 3961 Ι
1037 3876 1077 3939 77
1099 3894 1164 3955 quo
1188 3875 1265 3941 Goe-

55 3981 164 4046 sareie
181 3980 311 4058 possim
331 3977 473 4059 qoudere
495 3979 681 4058 triumphis.

139 4078 196 4145 IX
229 4081 291 4144 246
324 4099 372 4166 sq.
400 4083 430 4142 et
456 4083 521 4143 toto
548 4079 639 4143 77777
661 4080 699 4142 77
721 4079 795 4142 orbe
817 4083 874 4157 est,
895 4080 899 4160 1
920 4079 979 4157 qui
1000 4077 1081 4141 uelit
1102 4097 1139 4142 oo
1155 4078 1266 4156 possit

54 4183 156 4247 uictis
161 4182 333 4261 praesum
344 4179 497 4258 satutem3
508 4178 561 4245 IX
573 4182 634 4245 616
646 4199 718 4264 sqq.
731 4178 929 4261 dubiumque
938 4198 1098 4242 ueueuum
1117 4179 1121 4264 Ι
1141 4178 1261 4258 hausit,
