2836 4672
152 172 193 236 60

192 334 264 402 Sub
296 337 317 403 Ι
348 335 375 403 G
407 340 442 422 4)
474 340 526 422 (=
550 335 625 402 Ius.
658 335 815 417 finalis3
851 337 957 403 uerba
988 336 1152 404 mouendi
1183 341 1300 423 regunt)

110 434 264 502 Schmidt
286 459 460 524 perperam
483 437 603 505 attulit
1341 448 1343 487 ³

108 536 141 601 V
165 538 225 602 301

191 637 261 718 sota
283 637 374 703 sed
360 659 398 703 m
414 657 570 719 praeceps
590 637 711 703 solitae
733 638 900 704 demittere
924 641 1044 707 Caesar

191 738 420 819 fortunamque
440 758 534 804 suam
550 759 613 818 per
632 757 759 802 somma
774 738 926 818 pertenta
948 739 1097 821 eaodem

194 859 336 904 coercere
357 840 450 905 aeait
471 859 529 903 nee
550 839 628 903 dam
651 838 817 904 descendat
838 841 890 905 tro

194 944 353 1019 exspectat

108 1036 196 1103 Nem
228 1038 259 1104 h.
293 1040 316 1105 l.
349 1038 416 1107 sibi
447 1039 647 1126 respondere
679 1039 783 1106 uerba
814 1039 933 1106 solitas
958 1047 992 1106 et
1018 1041 1169 1123 academ
1190 1044 1240 1130 (=
1256 1040 1303 1129 qui

108 1159 237 1225 semper
261 1140 445 1226 gaudebat)
467 1139 581 1207 atillo
603 1138 674 1225 regi
695 1140 766 1221 foto
868 1140 1044 1221 demittere,
1067 1141 1130 1208 hoo
1151 1143 1304 1224 fortunam

188 1260 338 1320 coemere,
373 1239 490 1306 deiude
522 1241 760 1327 respondentia
791 1239 859 1306 sibi
892 1263 963 1308 esse
995 1244 1091 1307 aenio
1122 1249 1157 1308 et
1184 1263 1240 1309 aec
1263 1264 1303 1308 eo·

108 1343 229 1417 spectat
252 1346 401 1427 apparet.

192 1437 263 1508 Sub
295 1439 354 1509 ΠΙ
379 1437 414 1507 Α
440 1442 531 1525 (=a
556 1441 670 1529 ptcpic
694 1441 876 1529 pendentes
899 1442 969 1522 int,
996 1444 1056 1530 qui
1077 1434 1161 1510 sunt
1182 1464 1304 1510 numero

108 1539 359 1626 genetiuorum)
381 1564 406 1607 s.
429 1564 462 1606 u.
486 1543 659 1607 damoetas
682 1540 836 1608 Schmidt
849 1541 1019 1609 Silianam
1033 1543 1304 1623 tantummode

108 1639 279 1706 addendus
305 1648 358 1708 est
383 1643 476 1708 locus
502 1641 688 1721 Lucaneus,
711 1641 770 1709 ΠΙ
791 1647 832 1708 22
854 1642 1020 1709 detrahere
1042 1645 1080 1709 ἐκ
1103 1644 1229 1710 cladem
1247 1644 1304 1726 fato

108 1739 262 1805 (damoeta
283 1745 427 1807 ooaoo'toa
472 1742 542 1809 Sub
564 1741 622 1809 III
644 1741 679 1807 A
702 1741 855 1809 Schmidt
877 1742 998 1810 attulit
1012 1746 1158 1825 patiens,
1184 1746 1238 1812 eui
1258 1744 1304 1810 ad-

110 1841 223 1926 iungit
244 1843 305 1908 hcc
328 1843 367 1909 de
389 1845 563 1923 impudens
585 1843 762 1930 placitum:

106 1939 201 2007 »Luc
224 1942 315 2009 VIII
338 1947 399 2010 578

190 2041 249 2106 boc
270 2046 376 2126 manis
398 2046 573 2125 dmpoto'eas
595 2064 722 2124 opressa
745 2044 851 2108 deesse
873 2047 1002 2126 morito,

189 2144 276 2225 qood
296 2147 412 2211 oeetm’t
434 2145 551 2210 etades.

105 2242 138 2308 h.
160 2244 184 2310 1.
210 2243 404 2312 infinitiuus
425 2251 564 2334 propter
584 2245 784 2311 antecedens
806 2267 988 2333 pronomen
1010 2246 1082 2328 hoc,
1106 2248 1162 2314 cui
1186 2245 1305 2336 appesi-

104 2345 210 2411 tiouis
231 2346 343 2413 instar
365 2346 502 2414 additus
525 2352 585 2426 est
608 2367 668 2432 pro
691 2367 757 2412 acc.
781 2344 995 2434 accipiendus
1018 2352 1093 2417 est.»
1131 2347 1243 2438 Atqui
1256 2347 1306 2412 boe

105 2465 175 2513 esse
207 2446 396 2513 ablatiuum
428 2447 632 2513 mensurae
668 2452 817 2604 eppanet
865 2444 936 2514 Sub
957 2453 1078 2528 potem
1104 2448 1186 2517 eddi
1207 2452 1307 2536 potest

105 2566 155 2610 ex.
177 2545 381 2627 Lucaneum,

103 2642 157 2710 lx
179 2649 243 2712 894

188 2749 257 2826 ome
279 2769 375 2814 cruor
396 2754 487 2815 totas
508 2749 700 2830 multamque
721 2749 892 2814 admittere
913 2751 1009 2814 aiom

171 2848 242 2913 aet
264 2855 362 2914 comta
384 2855 527 2916 cessante
543 2855 672 2930 pateas.

188 2952 259 3031 gb.
303 2950 452 3018 Deacc
476 2975 502 3017 c
525 2950 608 3027 inf„
632 2948 691 3037 qui
714 2947 857 3016 obiecti
878 2950 970 3017 uices
992 2949 1150 3018 sustinet

187 3053 258 3132 §tt
302 3051 447 3118 Deacc
468 3075 495 3119 c.
514 3051 583 3117 inf
590 3048 1004 3137 ,quiremotiorisobi
1019 3051 1306 3139 locopositusest

188 3155 260 3233 §7-
303 3150 354 3218 De
387 3152 455 3219 ini.
489 3157 538 3238 (et
563 3173 630 3217 ecc.
658 3173 684 3216 c
711 3150 796 3235 iniq)
823 3151 882 3238 qui
908 3173 977 3238 per
998 3149 1167 3239 ellipsin
1190 3153 1306 3242 expli

103 3250 218 3316 candi
239 3251 409 3318 uidentur

188 3349 257 3432 Qui
289 3350 415 3418 titulus
447 3355 506 3433 rei,
540 3354 580 3421 de
607 3375 675 3441 que
700 3355 825 3439 egitur,
847 3374 913 3418 uon
936 3352 1115 3421 admodum
1139 3352 1308 3421 conuenire

102 3448 247 3518 uidetur.

228 3553 247 3618 1
269 3554 321 3620 De
342 3553 414 3634 inf„
437 3555 497 3643 qui
518 3560 669 3634 uocatur,
691 3552 903 3641 imperatiuo.

206 3654 244 3720 H
266 3654 317 3720 De
340 3677 406 3721 ecc.
429 3678 456 3721 c.
478 3655 539 3721 inf.
562 3657 598 3721 in
621 3653 919 3721 exclamationibus
941 3659 1113 3743 usurpato.

184 3753 244 3821 ΙΠ
266 3754 510 3821 Infinitiuus
533 3755 761 3824 historicus

185 3910 287 3962 *Abla
287 3911 374 3964 tinum
391 3907 441 3963 boc
458 3911 558 3976 echpit
575 3907 647 3977 quod
664 3910 797 3975 particula
814 3909 907 3964 itidem

185 3978 224 4030 IV
240 3975 290 4030 229
670 4045 709 4099 at
719 4041 800 4097 uobis
816 4039 905 4097 milior
922 4039 971 4098 boc
988 4044 1031 4100 eat

300 4111 398 4164 metra
405 4109 492 4186 fides,
511 4108 583 4178 qaod
598 4127 653 4178 pro
670 4126 759 4164 comeo
774 4107 970 4178 pneumatibus
988 4124 1078 4178 aequo

300 4179 328 4230 et
345 4175 460 4231 amiam
478 4193 590 4246 operare
609 4177 680 4232 ticet
