2850 4666
475 121 616 183 serpens,
638 103 724 181 sitis,
747 102 854 182 ordor,
878 102 1016 168 barecae

161 201 269 269 doleia
290 204 431 281 uirtuti5
451 203 571 285 gaudet
586 204 754 284 patientia
776 203 871 269 durio

27 350 37 363 .
161 301 336 369 Francken
357 324 464 392 neque
485 303 525 369 de
546 324 655 390 poena
675 325 859 370 sermonem
881 303 988 370 fuisse
1009 326 1117 392 neque
1139 303 1281 372 militem

20 459 41 487 ,¹
101 398 198 470 bibisse
230 404 409 470 ostendeus
442 404 577 471 conicit:
611 409 734 486 quanto
758 424 867 485 poeno
898 409 942 483 tu,
974 405 1111 487 dignior
1135 408 1197 470 iste
1222 411 1279 487 eet,

10 490 53 581 ξ
101 503 141 581 po·
160 504 284 587 populo
315 505 445 570 sitiente
478 505 576 571 bibat.
623 502 735 571 Acute
761 507 970 591 excogitatae
995 506 1219 573 emendationi
1244 506 1281 572 id

18 614 46 701 ‘f
100 603 207 671 tntum
239 606 361 684 obstat,
396 605 485 695 quod
517 606 566 672 sic
591 606 704 671 omnia
725 627 827 692 prope
849 606 954 672 uerba
975 607 1198 691 corriguntur,
1222 629 1282 674 nec

10 740 39 775 .2.
75 704 228 785 -gauitas
249 707 355 772 stoico
377 707 482 792 digna
502 697 777 772 uerbisCatonis
799 707 1000 772 elaboratur.
1044 706 1184 772 Damstd
1205 707 1279 795 qui·

10 840 50 889 „3
71 798 78 859 .’
101 798 156 869 dom
174 806 406 894 (Mnemosyne
427 805 516 873 XIX
538 830 593 895 pp.
616 808 798 891 378-386)
820 809 942 873 conicit
963 828 1037 893 »pro
1059 809 1139 872 istm
1160 808 1223 872 isto
1246 814 1280 874 et

47 914 53 923 '
101 907 275 986 probitas:
308 907 397 972 bibat
418 939 453 965 =
474 913 615 995 »quanto
641 912 689 983 tu,
716 907 777 996 qui
800 957 940 985 .......
963 907 1153 993 digniores
1175 929 1282 994 poena

101 1019 177 1086 quan
197 1008 271 1087 istc,
294 1009 353 1096 qui
374 1009 471 1075 bibat
491 1009 615 1095 populo
638 1010 797 1075 sitiente».
841 1008 907 1076 Sed
928 1008 1009 1075 haec
1032 1009 1135 1075 stoico
1157 1008 1279 1096 quouis

102 1104 170 1173 rulo
194 1109 290 1174 modo
317 1108 422 1195 digna
448 1115 537 1188 sunt,
564 1109 687 1175 nedum
713 1109 843 1177 Catoni.
887 1108 1003 1175 Lectio
1029 1131 1109 1175 uero
1131 1109 1281 1175 codicum

101 1203 173 1273 unice
186 1198 279 1275 'uera
305 1215 369 1291 est3
401 1231 481 1275 nam
507 1212 613 1275 omnis
640 1208 822 1277 difficultas
843 1211 991 1289 tolletur,
1016 1210 1151 1292 dignior
1173 1208 1282 1275 adiec-

100 1300 152 1370 b'uo
180 1310 209 1375 si
240 1316 275 1376 ot
300 1330 409 1391 poeno
436 1360 501 1377 ...
527 1311 593 1375 ista
619 1317 652 1377 et
677 1309 885 1397 epexegetice
908 1311 1058 1376 additam
1080 1312 1281 1377 sententiam

97 1405 140 1477 iti
158 1460 164 1474 .
181 1460 211 1477 ..
233 1411 326 1476 bibus
346 1413 422 1497 regi
444 1414 698 1478 constituamus.
742 1410 850 1499 Ergo:

92 1595 106 1660 d
161 1512 193 1595 l)
212 1533 320 1599 poena
347 1518 391 1578 tu
417 1511 553 1599 dignior
578 1534 613 1578 es
637 1509 705 1578 ista
729 1515 788 1599 (sc.
814 1534 916 1601 quam
940 1512 1031 1579 ultro
1056 1511 1141 1576 mihi
1166 1511 1280 1577 obtru-

107 1620 156 1674 ere
175 1613 241 1692 uis)

160 1714 193 1797 2)
213 1712 349 1798 dignior
370 1734 471 1800 quam
490 1735 551 1798 ego
566 1713 673 1779 multo
689 1720 794 1794 estu,
811 1713 870 1801 qui
884 1715 1008 1800 populo
1023 1714 1159 1778 sitiente
1173 1712 1279 1779 bibas.

521 2117 668 2198 otonem,
691 2117 778 2199 quod
798 2138 950 2199 quaerere
972 2137 1063 2180 cures

161 2213 347 2283 Sententia:
370 2215 447 2286 »Du
463 2217 594 2283 solltest
615 2217 778 2284 vielmehr
799 2219 909 2285 selber
929 2217 1068 2284 trinken
1082 2227 1216 2281 mussen
1231 2216 1282 2281 als
1357 2256 1360 2262 ·

10 2318 13 2389 ἶ
67 2295 188 2383 Strato
220 2315 331 2397 omar,
359 2318 437 2383 dass
464 2319 510 2384 du
531 2317 598 2384 mir
619 2318 711 2385 solch
734 2321 806 2385 eine
828 2320 978 2404 gemeine
1000 2317 1202 2400 Gesinnung
1222 2338 1280 2381 zu·

10 2450 14 2457 ·
69 2417 211 2484 Merit
231 2418 334 2484 hest.»
377 2418 470 2486 Haeo
493 2420 707 2504 exaggeratio
722 2458 764 2468 —
779 2441 846 2505 qua
866 2419 944 2486 aliis
959 2417 1154 2484 sitientibus
1168 2417 1282 2483 bibere

71 2504 154 2581 1liro
182 2516 264 2584 forti
296 2540 403 2605 poena
424 2521 471 2585 sit
491 2558 542 2599 -,
565 2519 702 2587 Lucano
725 2543 804 2586 sane
827 2522 940 2606 digna,
964 2520 1007 2586 ad
1029 2519 1189 2587 Catonem
1210 2517 1279 2583 uir·

10 2608 13 2621 ²
74 2605 163 2681 'cutis
194 2619 296 2685 laude
332 2620 564 2686 celebrandum
598 2622 722 2686 mirum
755 2627 918 2708 quantum
951 2621 1052 2685 ualet.
1109 2619 1282 2686 Samseum

10 2772 13 2805 ι
79 2712 162 2782 mibi
181 2721 368 2786 consentire
391 2721 431 2786 de
452 2721 514 2788 hoc
535 2722 606 2787 loco
629 2722 902 2809 interpraetando
921 2722 1034 2794 ¹laetus
1056 2721 1138 2786 uidi.

89 2952 135 3026 IX

20 3144 23 3153 ¹
152 2971 269 3137 51118311
290 3075 363 3137 utto
385 3073 481 3153 nibil,
503 3075 561 3138 sed
583 3075 680 3155 longo
702 3095 746 3140 oo
769 3073 903 3154 differat
924 3072 1035 3139 octos?

159 3220 215 3290 Sic
247 3223 337 3290 hunc
367 3225 478 3290 locum
505 3247 580 3291 cum
607 3225 777 3292 codicibus
803 3223 1022 3291 constitutum
1043 3226 1282 3309 interpungere

70 3301 193 3390 Placet.
246 3324 290 3392 In
321 3324 384 3391 hoc
415 3325 486 3392 loco
513 3325 764 3413 interpretando
789 3330 888 3411 atque
911 3324 1114 3391 emendando
1136 3324 1281 3390 multum

64 3395 283 3491 desudarunt
308 3425 397 3492 docti
423 3424 503 3492 uiri.
546 3425 664 3493 Editio
691 3426 843 3492 Romana
869 3427 913 3511 (a.
937 3427 1033 3511 1469)
1054 3424 1204 3511 praebet:
1236 3443 1281 3487 on

57 3542 85 3562 ··
110 3560 125 3576 ·
154 3525 211 3589 sed
232 3524 354 3608 rocyo?
376 3547 420 3591 au
435 3577 442 3592 .
456 3575 464 3590 .
478 3577 485 3591 .
501 3525 615 3592 octos?
647 3524 716 3591 Ubi
730 3525 788 3590 sed
803 3524 846 3591 ad
860 3525 949 3590 nibil
963 3524 1175 3591 referendum
1189 3523 1279 3590 idem

53 3607 188 3708 “Flere
219 3627 357 3693 uidetur
388 3627 479 3714 quod
504 3629 598 3706 nisi,
627 3627 686 3713 qui
707 3648 798 3705 usus,
821 3627 852 3691 si
873 3626 1083 3703 admittatur,
1107 3646 1147 3690 ex
1167 3621 1279 3690 imita·

49 3695 391 3794 immoraturum
413 3727 518 3794 fluere
539 3728 652 3816 potuit
673 3727 778 3814 (ἀλλά
796 3757 830 3783 =
849 3732 880 3792 εἰ
897 3730 969 3814 μή).
1013 3723 1080 3791 Sed
1102 3745 1205 3814 quare
1223 3724 1279 3791 ob-

47 3812 203 3893 Sellrior
233 3849 300 3893 uox
332 3829 425 3915 (sed),
452 3835 587 3915 sumpta
614 3832 673 3907 est,
700 3849 803 3914 quum
829 3833 973 3894 metrum
995 3847 1099 3913 aeque
1121 3822 1281 3893 admittat
