2836 4672
198 186 260 260 212.

155 355 296 420 alteram
319 350 430 438 (nisi)
452 351 633 439 aptiorem?
676 349 759 418 Alia
780 373 912 439 quoquc
935 373 988 418 res
1011 354 1132 432 obstat,
1156 359 1366 442 quaemaio

154 455 204 521 ris
235 452 394 519 momenti
426 459 490 533 eat;
524 452 564 518 de
590 474 657 540 qua
681 473 718 518 re
740 453 784 518 ad
806 453 1050 520 sententiarum
1072 455 1221 521 interae
1244 479 1370 524 nexum

155 554 345 644 pertinente
370 551 449 619 uide
475 553 575 618 infra.
619 552 777 620 Ceterum
799 553 840 619 de
861 553 923 620 hoc
944 555 1016 620 loco
1037 560 1120 641 quot
1141 555 1298 625 homines
1319 565 1368 626 tot

159 657 354 723 sententiae.
397 651 548 735 Quarum
570 652 629 741 qui
651 654 803 720 curiosus
818 652 892 733 erit,
909 660 1022 720 notam
1038 678 1058 720 a
1072 654 1278 723 Franckeno
1291 659 1368 725 huic

156 758 228 823 loco
255 755 425 821 subditam
446 754 616 841 inspicite.
659 751 882 842 Mihiquidem
905 756 1001 822 nulla
1022 756 1212 823 emendatio
1234 761 1368 845 prolate

156 858 241 924 satis
267 857 386 944 placet
429 856 554 922 Korttc
580 853 724 942 quidem,
751 855 806 921 cui
832 856 1062 942 astipulantur
1084 855 1369 926 Weiss-Haskins

157 957 218 1024 alii
239 958 350 1035 multi,
374 957 508 1023 conicit:
531 976 575 1020 aa
596 958 641 1021 sil
661 957 734 1020 aito
748 956 846 1035 nibil,
862 962 893 1020 ct
907 956 1028 1039 longa?
1050 977 1094 1022 aa
1109 958 1243 1040 differat
1258 959 1369 1026 aelus?

158 1057 225 1126 Cui
246 1056 434 1124 amandatio
456 1057 592 1123 obstant
614 1063 648 1123 et
662 1056 803 1124 metrica
817 1057 904 1122 ratio
920 1063 954 1123 et
968 1079 1080 1124 rerum
1094 1060 1186 1125 inter
1201 1082 1238 1126 se
1251 1083 1369 1127 nexus.

156 1157 246 1225 Nam
268 1158 359 1245 apud
380 1156 555 1224 Lucanum
577 1158 719 1224 alteram
740 1158 827 1223 nibil
848 1159 943 1224 uerbi
960 1158 1128 1245 syllabam
1142 1160 1284 1227 breuem
1300 1183 1370 1229 essa

159 1264 290 1327 constat
310 1258 375 1344 (cfr
396 1257 416 1323 I
437 1261 492 1339 37;
514 1256 553 1326 Il
575 1260 650 1339 5153
672 1257 731 1325 HI
750 1262 806 1340 39;
828 1262 905 1340 3713
924 1257 998 1326 VII
1013 1262 1088 1341 6663
1104 1259 1231 1349 ubique
1246 1263 1285 1327 in
1300 1261 1371 1350 pri·

158 1383 212 1425 mo
232 1360 338 1446 pede),
362 1381 462 1446 quam
483 1381 524 1424 nc
539 1361 576 1424 in
591 1381 730 1426 caesura
744 1360 879 1447 quidem
894 1360 1075 1446 producere
1091 1362 1158 1427 sibi
1172 1362 1371 1448 permisisse

158 1461 333 1528 Lucanum
355 1460 464 1526 credo.
506 1457 659 1540 Accedit,
681 1461 769 1548 quod
790 1460 822 1526 h.
845 1461 869 1526 l.
892 1459 1078 1527 dilemmati
1099 1462 1193 1528 locus
1216 1485 1286 1528 non
1300 1485 1371 1531 esse

157 1561 303 1640 uidetur,
332 1561 418 1626 alias
445 1560 501 1627 hic
526 1560 622 1626 fictas
648 1563 860 1648 quaestiones
882 1562 913 1626 si
935 1560 1144 1628 conserimus.
1187 1562 1372 1631 Notandus

158 1686 191 1728 u.
214 1664 275 1728 572
297 1661 426 1738 samus,
449 1665 480 1725 et
502 1659 560 1725 boc
581 1662 675 1727 uobis
695 1682 762 1727 aon
784 1661 885 1728 altius
906 1664 1026 1733 inseret
1047 1662 1224 1730 Hammon.

241 1762 379 1828 Etenim
411 1763 535 1850 ubique
568 1760 744 1841 sententia,
777 1761 925 1849 quaein
951 1785 1151 1852 unaquaque
1172 1767 1372 1853 quaestione

158 1865 255 1942 inest,
283 1863 418 1928 oraculo
444 1863 690 1949 comprobanda
714 1862 944 1951 firmandaque
970 1869 1030 1931 est.
1073 1864 1170 1931 Idem
1191 1866 1373 1933 dicendum

159 1968 275 2030 contra
296 1963 482 2042 Francken,
506 1964 566 2051 qui
588 1963 772 2029 Canterum
794 1970 928 2030 secutus
949 1964 1036 2052 legit
1057 1964 1108 2051 (in
1127 1968 1235 2051 nota):
1259 1986 1307 2031 an
1322 2018 1330 2033 .
1343 2017 1372 2034 ..

158 2084 218 2130 uec
244 2064 351 2145 longa,
378 2084 422 2128 aa
448 2065 580 2146 differat
601 2064 712 2130 oetas?
753 2086 811 2130 aec
829 2097 863 2122 =
881 2086 927 2131 ne
949 2102 990 2114 -
1011 2066 1169 2154 quidem
1190 2066 1257 2152 (cfr
1280 2066 1373 2134 VIII

158 2168 235 2247 2063
260 2168 337 2246 497;
370 2164 425 2232 IX
448 2167 523 2247 6813
555 2165 589 2231 X
613 2169 709 2250 146).Ἰ
740 2165 882 2251 Madvig
907 2166 1042 2252 quidem
1063 2172 1104 2233 ut
1124 2168 1251 2256 ubique
1275 2174 1373 2234 acute

160 2263 359 2351 (Aduersar.
383 2265 456 2333 crit.
479 2265 518 2333 H
542 2268 629 2351 133):
653 2285 696 2329 aa
717 2267 762 2330 sit
782 2268 854 2330 aito
877 2266 994 2346 breuis,
1018 2266 1077 2345 cil,
1100 2268 1248 2350 longana,
1272 2269 1305 2335 d.
1325 2288 1373 2334 oe.

160 2364 233 2433 Nec
253 2372 366 2432 tamen
387 2368 561 2454 probanda
582 2367 719 2432 uidetur
741 2368 943 2448 emendatio;
966 2390 1073 2455 neque
1095 2369 1184 2434 enim
1200 2371 1374 2436 contraria

161 2468 223 2534 illa
254 2469 360 2534 uerba
393 2469 501 2534 breuis
533 2474 567 2535 et
599 2468 697 2549 leoco
729 2473 921 2556 potuerunt,
949 2470 1030 2556 quin
1057 2470 1202 2535 alterum
1225 2470 1374 2537 alterum

160 2573 349 2647 tuerentur,
377 2574 411 2636 et
437 2574 529 2634 cetos
551 2569 731 2635 molestum
752 2574 813 2635 est.
855 2568 983 2636 Hosius
1004 2591 1086 2635 uero
1109 2569 1375 2659 Oudendorpum

161 2675 296 2736 secutus
317 2670 468 2756 praebet:
495 2689 539 2734 aa
560 2672 607 2735 sit
628 2671 700 2735 uita
722 2669 831 2735 nibil?
851 2672 884 2736 si
906 2670 1014 2753 lorsqu,
1037 2691 1081 2735 ao
1103 2669 1238 2750 differat
1258 2672 1376 2738 aclas?

161 2768 227 2836 cui
259 2771 396 2838 lectioni
428 2771 485 2838 uis
509 2771 572 2837 illa
593 2777 693 2859 atque
715 2773 869 2857 grauitas
892 2771 1005 2838 deesse
1025 2771 1173 2851 uidetur,
1194 2793 1282 2859 quae
1304 2774 1376 2840 exi·

161 2870 272 2956 ganda
302 2877 362 2937 est.
416 2871 611 2957 Legendum
643 2871 784 2960 denique
810 2871 949 2939 uidetur
971 2895 1046 2940 cum
1067 2871 1238 2940 codicibus
1261 2893 1308 2939 aa
1327 2876 1376 2940 ait

162 2972 235 3040 uita
251 2971 352 3051 ,cibit
374 2973 432 3037 aad
455 2972 617 3055 loaysae
640 2973 773 3054 differat
794 2973 904 3038 actae?

245 3071 290 3138 H.
312 3073 335 3138 l.
358 3071 519 3140 Catonem
540 3072 726 3160 respexisse
748 3075 849 3141 finem
869 3077 964 3141 uitae
986 3096 1066 3142 suae
1084 3077 1162 3164 quis
1176 3098 1242 3142 non
1257 3076 1376 3145 uidet?

161 3172 237 3239 Iam
264 3173 372 3239 dicere
399 3174 518 3253 uoluit,
546 3197 649 3262 quum
676 3175 858 3242 secundum
880 3177 1094 3263 disciplinam
1117 3197 1213 3242 suam
1235 3178 1377 3243 nauita

163 3275 239 3360 ipsa
259 3274 395 3362 quidem
417 3281 504 3341 esset
525 3275 593 3340 nisi
615 3276 805 3362 ἀὸιάφορον
827 3277 969 3362 (nihil),
992 3298 1058 3342 non
1080 3299 1165 3363 opus
1184 3298 1255 3343 esse
1271 3299 1374 3366 qnae·

162 3397 245 3455 rere,
272 3395 315 3441 an
342 3380 428 3442 esset
453 3375 598 3442 alicuius
624 3377 783 3443 momenti
804 3379 896 3445 uitae
916 3376 1103 3465 longitudo.
1146 3376 1376 3444 Vertendum:

163 3477 242 3543 »soll
267 3476 322 3544 ich
349 3476 412 3542 den
433 3475 562 3562 fragen,
585 3478 626 3544 ob
649 3476 710 3542 das
730 3476 844 3544 Leben
865 3499 958 3545 zwar
979 3477 1090 3544 nichts
1111 3479 1168 3558 ist,
1192 3479 1273 3545 aber
1296 3479 1377 3546 den·

163 3577 249 3644 noch
270 3600 314 3644 an
335 3578 427 3643 einer
447 3578 571 3664 langen
592 3578 828 3645 Lebansdauer
850 3585 954 3646 etwas
976 3580 1117 3666 gelegen
1137 3576 1215 3646 isti»
1238 3616 1280 3630 -
1301 3579 1377 3647 Hoc

158 3674 268 3745 ¹uerbo
298 3678 431 3759 differre
462 3681 546 3767 quin
577 3681 751 3747 reddatur.
764 3677 968 3747 Graecorum
993 3679 1082 3746 illud
1103 3680 1292 3765 ὁιαφέρειν,
1316 3681 1376 3747 du·

163 3780 258 3845 bium
279 3781 340 3846 uix
361 3786 421 3847 est
466 3781 641 3848 Notandae
663 3786 743 3848 sunt
765 3779 1028 3867 significationes
1050 3781 1135 3848 duae
1150 3781 1247 3847 uerbi
1260 3781 1377 3861 latini,

164 3880 254 3967 quod
275 3888 327 3948 est
351 3882 536 3949 interest:
572 3885 604 3968 1)
629 3883 890 3949 verschieden
912 3884 998 3949 sein
1020 3885 1054 3968 2)
1075 3904 1151 3948 von
1172 3879 1377 3969 Wichtig-

164 3980 252 4049 kait
282 3984 376 4050 sein.
430 3981 525 4065 Quae
551 3983 825 4069 significationes,
852 3984 912 4049 ubi
938 3984 1130 4050 annectitur
1151 3983 1378 4070 interrogatio

165 4081 381 4163 disiunctiua
414 4086 528 4152 eodem
559 4086 711 4151 redeunt.
737 4124 778 4136 -
805 4084 981 4151 Antithesi
1003 4106 1051 4162 ea,
1074 4105 1177 4171 quam
1199 4082 1379 4152 constitui·

165 4206 252 4264 mua,
284 4185 477 4253 absurditas
508 4187 697 4252 contrariae
729 4187 914 4252 sententiae
940 4185 1176 4271 comprobatur
1200 4185 1318 4253 aalide
1343 4191 1379 4253 et
