2836 4672
181 189 242 250 174

138 351 209 419 VII
230 355 292 417 417

668 452 872 533 populosque
894 452 1051 533 docesque

223 554 393 619 coustituit
415 555 547 633 corepis,
564 574 627 633 per
648 573 728 633 piros
750 553 820 631 tibi,
842 551 958 630 Romo,
981 554 1091 617 reeoti

223 654 379 734 ostendat,
402 674 499 734 odoro
521 673 641 735 roopoo
663 653 770 719 codes.
814 672 876 734 qoo
901 653 1000 718 latios
1021 653 1130 718 orbern

217 755 374 834 possedit,
397 755 496 818 citius
511 775 574 834 per
589 773 749 834 prospero
770 753 844 834 fcto
866 755 1018 818 cucurrit.

224 875 318 920 omre
340 855 401 919 tibi
423 855 543 919 bellom
566 859 676 936 peotes
699 855 788 918 dedit
810 855 960 919 cruribus
981 856 1081 919 crois

223 954 268 1020 H.
284 955 306 1019 l.
328 956 436 1020 facere
453 977 518 1020 non
532 976 630 1041 posse
644 953 809 1034 uidemur,
825 953 909 1041 quin
922 953 1108 1040 Postgateo
1125 955 1355 1043 astipulamur

140 1053 274 1120 docenti
296 1055 436 1121 subiecti
458 1056 567 1121 instar
585 1054 711 1142 ubique
725 1054 872 1141 positum
887 1076 958 1122 esse
971 1055 1077 1120 Romo
1092 1056 1232 1122 uerbum
1250 1060 1355 1144 atque

139 1154 183 1219 ad
204 1176 379 1241 personam
401 1156 599 1221 uariandam
621 1156 767 1220 multum
789 1155 937 1221 ualuisse
957 1155 1083 1222 formas
1098 1157 1267 1224 secundae
1283 1179 1354 1245 per-

140 1276 240 1321 sonae
265 1261 370 1321 metro
392 1278 458 1321 non
480 1262 588 1341 aptas.
631 1255 669 1320 P.
693 1255 827 1342 quidem
850 1255 1086 1322 eonferendum
1109 1278 1182 1323 esse
1205 1258 1356 1324 ostendit

141 1356 287 1421 alterum
310 1356 458 1422 eiusdem
479 1357 561 1421 libri
581 1355 1239 1444 166111111ῙΠ7211(1611116718-201);
1264 1358 1356 1424 unde

141 1456 294 1540 legentes
320 1457 449 1541 relegat
474 1456 517 1523 ad
539 1479 595 1521 uu.
619 1458 659 1523 96
681 1478 730 1544 sq.
753 1462 787 1521 et
810 1459 880 1524 109.
923 1456 1011 1522 Loco
1034 1479 1080 1536 6ο,
1105 1479 1206 1545 quem
1226 1464 1356 1526 tracta·

141 1577 224 1634 mus,
262 1556 380 1620 (leesor
411 1557 478 1642 (cfr
504 1580 536 1622 u.
565 1559 641 1642 289)
663 1557 851 1622 subiectum
873 1564 936 1638 est;
970 1559 1085 1624 eadem
1107 1558 1239 1626 ratione
1264 1581 1284 1626 6
1307 1581 1357 1627 se·

142 1657 325 1742 quentibus
346 1657 502 1724 uersibus
525 1658 714 1723 subiectum
736 1657 942 1724 audiendum
964 1665 1016 1724 est

141 1756 195 1822 lX
217 1760 278 1823 169

411 1861 485 1941 quis
506 1864 632 1923 cestros
653 1859 725 1923 idle
740 1863 836 1939 potet
858 1880 924 1923 esse
946 1865 1095 1925 nocentes

227 1960 321 2023 coede
343 1961 482 2025 moros?
514 1961 620 2025 credet
640 1959 755 2040 faciles
776 1961 841 2025 sibi
863 1964 955 2042 terpo
978 1961 1113 2041 dedisse,

227 2061 333 2125 credet
355 2062 393 2125 ct
416 2061 584 2127 Emathiis
600 2063 730 2141 primos
750 2061 876 2142 fopisse
897 2060 1076 2142 Philippis.

226 2162 337 2225 rodite
359 2163 481 2226 securi:
503 2163 669 2226 meruistis
690 2162 799 2227 iiidice
820 2164 923 2226 citam

229 2261 373 2327 Ocesore.

220 2516 259 2578 71

143 2513 176 2578 V
198 2515 279 2678 3rcil
301 2616 408 2695 irrepis
430 2614 580 2679 adsuetos
601 2615 715 2679 sceleri
737 2634 833 2695 qoem
850 2613 987 2695 perdere
1008 2619 1130 2680 meotes

228 2719 322 2796 atqie
337 2717 449 2795 perire
472 2720 564 2780 terret.

228 2864 286 2930 Ita
308 2888 382 2931 cum
405 2866 574 2932 codicibus
588 2867 624 2931 M
635 2864 669 2930 A
683 2864 796 2933 GNZ
812 2864 939 2931 Hosius
955 2869 990 2931 ct
1005 2865 1192 2933 Francken.
1223 2865 1361 2936 Weiss·

144 2965 297 3032 Haskins
318 2987 393 3031 cum
416 2966 572 3033 VUPB
595 2969 694 3046 tieret,
717 2965 804 3054 quod
827 2965 871 3031 ad
891 2964 1066 3032 Caesarem
1080 2966 1210 3033 referre
1223 2989 1362 3036 necesse

145 3070 206 3132 est.
258 3065 309 3132 De
340 3066 618 3153 interpretatione
651 3067 707 3132 W.
741 3073 776 3133 et
803 3066 846 3132 H.
874 3067 1089 3133 dissentiunt.
1133 3067 1190 3134 W.
1218 3069 1360 3155 quidem

145 3166 253 3254 priori
285 3166 388 3232 uerbo
420 3167 587 3233 obiectum
620 3188 690 3232 esse
723 3169 772 3233 ait
804 3172 925 3232 meotes
956 3168 1104 3247 uerbum,
1137 3167 1227 3256 quod
1254 3170 1361 3237 alteri

145 3267 248 3332 uerbo
280 3267 417 3351 (perire)
451 3268 637 3332 subiectum
670 3269 724 3332 sit.
768 3269 812 3332 H.
838 3288 918 3333 uero
944 3266 1130 3348 Caesarem,
1154 3290 1197 3334 ne
1220 3271 1361 3336 amissis

147 3368 316 3434 ueteranis
338 3370 475 3452 periret,
498 3368 652 3433 timuisse
675 3369 873 3434 arbitratur.
910 3368 1055 3454 Utrique
1077 3366 1362 3453 interpretationi

147 3470 258 3534 obstat
290 3467 464 3534 collocatio
497 3489 594 3549 qoem
626 3468 722 3533 uerbi
754 3469 906 3546 molesta;
938 3473 1111 3555 praeterea
1139 3468 1361 3538 Weiseianae

147 3575 318 3637 structura
350 3568 447 3633 uerbi
479 3569 623 3634 timendi
655 3567 781 3647 durior,
815 3590 917 3656 quam
950 3590 1036 3656 quae
1067 3568 1207 3634 tolerari
1236 3573 1358 3656 possit.

147 3671 255 3736 Multo
288 3690 368 3735 uero
400 3670 514 3755 aptior
545 3670 645 3735 lectio
671 3670 788 3748 altera,
815 3670 850 3733 in
873 3690 940 3756 qua
963 3670 1158 3755 agnoscitur
1179 3673 1362 3737 structura

147 3772 209 3837 1116
242 3771 448 3838 adsuetum
480 3770 747 3855 (6611161611)1
779 3775 915 3835 tenere
947 3771 1059 3856 alqm.
1103 3768 1161 3835 Ad
1187 3791 1259 3836 rem
1283 3793 1359 3837 oon-

147 3873 306 3939 terendus
328 3893 446 3937 uersus
468 3894 565 3950 unus,
589 3871 648 3959 qui
669 3871 786 3958 paullo
809 3892 912 3957 supra
933 3871 1069 3956 legitur,
1091 3893 1124 3935 u.
1147 3872 1210 3935 363

232 4061 310 4112 ¹Sed
337 4063 358 4113 ii
384 4061 445 4122 loci,
471 4059 567 4123 quibus
593 4075 639 4124 per
661 4059 834 4124 apostrophen
856 4057 1359 4123 6666611611111161111166,1166111166

148 4129 263 4180 traditur
281 4130 390 4192 aliquid.
409 4141 523 4177 seorsum
541 4126 671 4177 tractandi
689 4127 823 4185 uidentn13
841 4123 989 4177 6117804
1007 4140 1062 4190 sqq.

232 4194 242 4226 ²
260 4195 306 4246 Otr
323 4197 390 4248 VIII
407 4192 455 4246 271
474 4208 518 4245 me
530 4191 649 4260 pulsem
668 4191 770 4245 leuiore
788 4207 877 4245 oropo
890 4189 1018 4259 fortudo
1036 4189 1161 4244 terrebit?
