2850 4666
1160 150 1221 214 147

141 317 198 382 Ita
219 317 308 382 hunc
328 317 438 382 locum
460 316 681 382 constitutum
703 315 817 394 uelim,
832 336 919 401 quae
933 315 1034 381 lectio
1048 320 1101 381 est
1115 315 1266 382 codicum

57 417 92 483 M
117 417 151 484 V
172 417 213 499 Z;
245 416 421 483 lectionem
453 416 603 482 codicum
636 415 663 480 P
691 415 721 481 U
747 414 779 482 G
805 439 867 492 mz,
901 437 983 494 aum,
1018 416 1267 502 amplectuntur

57 516 338 584 Weise-Haskr'ns
359 522 393 583 et
413 516 599 596 Francken,
620 516 675 581 hic
690 515 826 603 quidem
840 536 937 596 quom
952 516 1062 582 edens.
1092 515 1265 593 Heitland,

59 619 116 705 qui
140 619 227 699 quod
248 618 433 703 genuinum
455 639 525 683 csse
547 616 743 697 arbitratur,
766 617 852 682 hanc
872 617 1049 682 lectionem
1067 616 1167 702 (CIR
1183 619 1265 683 1895

58 741 88 805 p.
113 721 189 803 194)
211 719 361 784 defendit
382 719 498 784 allatis
518 719 601 783 locis
624 717 763 796 duobus,
786 717 843 782 ΙΠ
865 710 942 797 3923
963 715 997 783 V
1018 719 1079 784 696
1102 739 1161 804 sq,
1184 740 1265 805 quo-

57 840 132 884 rum
153 819 387 886 testimonium
407 821 498 884 iusto
518 817 630 884 leuius
652 824 713 885 est.
757 816 825 885 Sed
847 818 952 883 altero
974 817 1046 883 loco
1060 817 1180 885 iisdem
1195 818 1266 884 fere

57 920 170 985 uerbis
192 918 350 986 Lucanus
372 925 537 987 oratorem
558 919 643 984 facit
663 917 869 984 indicantem
891 916 1022 1004 aliquid
1043 919 1155 984 minus
1173 918 1266 984 iusta

56 1043 136 1086 uoce
159 1020 354 1105 significari,
463 1081 464 1085 ,

57 1121 128 1186 VH
151 1123 210 1186 739
614 1140 716 1201 aeque
738 1120 825 1183 euim
847 1120 970 1185 donare
990 1121 1121 1199 uocato,

142 1222 228 1302 quod
250 1221 315 1285 sibi
337 1222 474 1302 quisque
496 1222 597 1287 dabit.

140 1337 197 1404 Ita
217 1338 246 1404 P
261 1336 293 1403 G
308 1338 344 1404 Μ
359 1337 418 1418 ΖΡς
440 1336 474 1404 V
490 1338 536 1424 U²
556 1339 688 1440 uacabo.

54 1556 94 1620 Π
116 1558 179 1622 570
391 1657 502 1722 Rleaa'
522 1658 645 1741 aelidis
667 1658 754 1738 quod
775 1655 868 1738 fucit
890 1657 929 1721 ab
951 1659 1052 1722 uadis

144 1756 368 1840 Oceanumque
389 1778 512 1823 uocaus
532 1759 651 1823 iucerte‘
672 1763 791 1839 uacua
806 1756 974 1838 profundi

142 1860 256 1924 territa
278 1859 435 1940 quaesitis
457 1860 599 1924 osteuda't
621 1864 713 1941 terea
734 1857 936 1924 Britauuu‘s?

140 2008 318 2075 Francken
344 2032 479 2076 causam
505 2011 680 2077 memorati
707 2007 833 2076 Oceani
856 2008 1050 2075 desiderans
1073 2032 1132 2096 pro
1154 2011 1267 2087 uerbo,

56 2111 146 2197 quod
178 2116 230 2176 est
263 2112 435 2190 Oceanum,
464 2111 609 2177 coniecit
630 2110 767 2188 Ocecue‘,·
799 2115 876 2176 ante
897 2128 1019 2174 uocaus
1041 2109 1267 2176 distinctionis

57 2212 229 2296 uirgulam
255 2213 378 2299 posuit.
422 2211 626 2296 Tumuero,
653 2217 693 2276 ut
714 2211 860 2277 euitaret
882 2209 1084 2276 dissolutum
1106 2233 1185 2276 sane
1208 2212 1266 2276 du-

57 2333 142 2389 rum,
171 2313 286 2376 territa
311 2312 414 2378 uerbo
441 2311 551 2378 affixit
576 2311 779 2399 particulam
801 2332 885 2392 -que,
909 2332 1010 2397 quam
1032 2311 1072 2376 de
1094 2311 1196 2377 uerbo
1218 2334 1266 2377 se-

58 2413 186 2497 quenti,
209 2414 388 2492 quaesitis
411 2413 606 2478 sumendam
629 2412 789 2493 ostendit;
811 2418 885 2477 tum
907 2433 986 2477 uero
1007 2433 1068 2498 pro
1090 2413 1202 2475 cesalis
1220 2412 1266 2477 le-

57 2513 204 2596 gendum
226 2513 322 2580 docet
343 2515 467 2578 excitis.

142 2612 208 2678 Sed
234 2616 356 2695 (mitto,
384 2614 472 2702 quod
497 2636 539 2680 ne
564 2613 615 2679 ita
640 2614 776 2701 quidem
799 2612 979 2678 dilucidior
1000 2613 1040 2678 fit
1060 2635 1160 2679 causa
1182 2635 1266 2680 com-

57 2715 234 2779 memorati
257 2711 395 2797 Oceani)
416 2717 465 2780 sic
486 2715 646 2780 nimirum
668 2737 721 2780 res
736 2736 772 2780 se
787 2713 900 2780 habet:
922 2714 1074 2800 increpat
1087 2714 1267 2802 Pompeius

58 2813 237 2880 Caesarem
270 2816 467 2894 maledictis,
500 2817 647 2902 primum
680 2815 770 2902 quod
796 2813 890 2881 Galli
915 2819 1017 2881 toties
1038 2815 1266 2894 rebellassent,

59 2915 179 2981 deinde
201 2915 291 3001 quod
312 2938 333 2981 a
355 2914 532 2982 Germanis
554 2917 760 2981 instantibus
779 2916 919 2981 territus
934 2921 1029 2981 trans
1044 2915 1199 2981 Rhenum
1215 2916 1266 2981 fu·

58 3016 165 3099 gisset
197 3020 232 3080 et
263 3037 304 3081 ne
337 3014 476 3082 sinistra
508 3015 643 3104 quidem
676 3017 711 3080 in
738 3014 814 3103 ripa
840 3016 1019 3081 subsistere
1046 3038 1147 3082 ausus
1170 3022 1266 3094 esset,

58 3122 265 3201 postremum
302 3117 391 3203 quod
427 3116 603 3182 Britannis
639 3117 756 3202 longo
792 3118 939 3183 itinere
974 3116 1171 3203 quaesitis
1204 3117 1268 3202 (cfr

59 3215 161 3302 Verg.
195 3217 281 3282 Aen.
314 3217 368 3283 XI
394 3220 454 3283 387
482 3220 545 3305 sq.)
566 3217 742 3304 pugnandi
765 3218 969 3283 occasionem
990 3217 1125 3282 tandem
1147 3224 1267 3284 nactus

58 3318 180 3382 territa
207 3318 407 3383 ostendisset
432 3325 538 3403 terga,
565 3340 657 3383 mare
683 3317 852 3384 Oceanum
877 3323 986 3383 metus
1009 3322 1042 3382 et
1063 3318 1267 3383 calamitatis

59 3439 195 3483 causam
217 3440 288 3484 esse
309 3417 484 3485 simulans.
529 3418 614 3484 Cum
635 3419 707 3484 loco
730 3440 776 3497 eo,
796 3439 895 3505 quem
909 3423 1104 3497 tractamus,
1121 3418 1268 3484 conferre

58 3516 140 3583 licet

59 3617 237 3684 Claudiam
259 3618 379 3686 XXIV
402 3622 462 3685 148

142 3739 200 3783 uec
221 3720 310 3784 stetit
335 3718 459 3785 Ooeauo
482 3721 641 3801 reatuque
663 3721 812 3802 lauressa
827 3720 1034 3802 profundum

141 3820 321 3884 uiuceudos
342 3821 408 3885 alio
432 3822 594 3901 quaesiuit
616 3822 652 3884 u'u
676 3821 750 3885 orbe
771 3820 963 3886 Britauuos.

143 3935 268 4004 Caesar
288 3938 327 4002 B.
350 3936 392 4003 G.
419 3937 471 4004 IV
492 3957 714 4004 uxum-xxx
734 3939 842 4004 tradit
863 3942 1060 4025 tempestate
1083 3936 1195 4003 subito
1217 3959 1266 4002 co·

58 4043 133 4102 orta
154 4042 284 4125 partem
306 4040 442 4104 nauium
463 4040 588 4104 relatas
611 4059 690 4117 esse,
713 4037 803 4103 unde
819 4044 929 4104 essent
943 4039 1120 4125 profectae,
1136 4043 1266 4124 partem

58 4136 212 4204 diuersas
233 4140 270 4202 in
291 4143 403 4225 partes
427 4139 564 4219 delatas,
588 4140 673 4205 alias
694 4144 753 4204 aut
768 4161 856 4226 aqua
871 4140 1050 4225 completas
1066 4143 1125 4204 aut
1139 4139 1267 4203 fractas
