2836 4672
1184 188 1225 249 47

143 349 188 414 Η.
211 349 298 414 hano
320 349 416 414 addit
437 349 710 436 explicationem:
734 371 808 414 >nor
829 351 878 415 let
900 374 920 416 a
942 357 1096 435 stranger
1117 351 1178 417 rob
1198 373 1268 438 you

56 448 95 537 of
113 471 203 536 your
216 449 361 514 throno.
393 447 459 514 Sed
473 454 645 535 praestare
660 450 796 514 uidetur
811 473 886 515 cum
901 450 1008 515 Hosio
1023 456 1057 516 et
1071 451 1268 517 Franckeno

56 554 137 636 post
155 549 271 631 hospes
285 549 456 636 uirgulam
470 554 605 614 tantum
619 571 751 636 ponere,
766 554 808 614 ut
823 551 870 616 sit
884 572 947 615 555
962 552 1131 637 particula
1144 551 1267 618 finalis.

52 650 116 714 Fr.
139 655 243 715 recte:
266 654 315 714 »et
336 689 377 698 —
399 671 440 714 ne
456 651 492 714 te
507 651 650 736 sceptris
664 650 778 736 priuet
792 650 922 737 hospes,
938 689 980 699 -—
995 673 1111 716 moneo
1126 653 1269 738 pignora

209 800 217 814 .
258 776 304 815 .›.

56 771 130 816 0⁸⁸⁹
151 751 282 916 (gagg
316 852 413 915 coni:
450 847 625 935 Negatiua
645 850 814 937 particula
836 873 892 915 55.·
914 851 953 916 Π
974 854 1036 918 560
1057 873 1098 916 55
1119 872 1178 916 555
1199 872 1269 916 mec

57 956 179 1015 terreat
211 956 317 1028 cetea·
347 949 439 1016 VIII
471 954 532 1017 215
566 972 605 1014 55
625 953 751 1031 559555.
795 951 876 1015 Non
901 952 955 1018 his
977 951 1060 1018 loeis
1082 953 1268 1018 inuenitur:

55 1051 96 1116 II
131 1053 172 1117 50
205 1051 417 1132 Μ555555555
449 1049 620 1132 Scythicus
652 1073 720 1115 555
749 1050 866 1133 ctlipet
890 1051 1097 1130 Hister,·IV
1120 1055 1270 1119 114555

56 1151 200 1216 labeant
233 1171 345 1216 amnes
378 1151 535 1216 decliuem
568 1152 612 1215 cd
646 1152 757 1215 littora
784 1172 932 1231 5555555·
953 1152 1007 1218 IV
1029 1156 1090 1217 274
1112 1174 1178 1217 555
1200 1153 1269 1217 utto

56 1257 183 1316 constet
205 1251 288 1316 mili
309 1253 471 1333 55595555
494 1251 631 1330 5577555·
651 1251 723 1318 VII
743 1255 805 1318 320
820 1275 890 1341 sqq.
907 1273 974 1316 555
988 1272 1048 1316 555
1063 1303 1070 1316 .
1088 1303 1095 1316 .
1113 1303 1120 1317 .
1136 1252 1207 1317 clia
1220 1303 1227 1317 .
1240 1304 1269 1317 ..

57 1357 301 1430 5555555552·
323 1352 413 1418 VIII
436 1355 496 1417 738
518 1352 634 1415 robore
656 1373 723 1416 555
746 1353 854 1417 desiret
875 1355 1002 1418 misere.

144 1452 313 1540 Peyronel
344 1453 366 1516 l.
400 1453 426 1516 l.
457 1475 513 1539 pp.
542 1457 582 1517 22
605 1475 652 1540 sq.
676 1454 787 1517 altae
809 1455 988 1540 particula,
1011 1475 1098 1541 quae
1120 1460 1171 1519 est
1193 1474 1269 1532 555,

58 1574 143 1618 nece
169 1560 282 1618 autem
308 1552 478 1639 particula
503 1553 618 1617 necin
642 1554 712 1617 dies
735 1555 843 1638 magis
866 1560 1003 1619 extrusa
1024 1575 1104 1641 prae
1127 1576 1162 1619 se
1183 1553 1270 1619 ferre

57 1655 193 1719 Lucani
226 1655 388 1718 sermonis
420 1674 528 1717 usum.
561 1693 603 1701 —
637 1652 697 1719 cfr
729 1654 830 1719 Blase
855 1677 888 1740 p.
917 1657 987 1720 189.
1009 1652 1171 1735 -Quod
1193 1655 1270 1719 inde

58 1754 299 1841 explicandum
325 1774 396 1818 esse
418 1753 577 1831 ostendit,
600 1754 688 1840 quod
710 1773 776 1818 555
798 1759 832 1819 et
854 1774 911 1818 555
933 1755 1112 1841 particulis
1134 1761 1270 1820 stante

58 1852 195 1920 uocales
217 1858 251 1918 et
273 1858 352 1919 ante
375 1859 595 1919 consonantes
617 1876 721 1941 aeque
736 1856 788 1919 uti
803 1855 913 1919 liceat.
945 1853 1012 1920 Sed
1026 1855 1088 1920 hoc
1103 1856 1270 1920 monuisse

57 1977 128 2020 non
151 1953 311 2034 sufficiet;
334 1955 552 2041 nequeenim
575 1955 625 2018 ita
646 1955 845 2040 explicatur,
868 1976 972 2040 quare
993 1957 1215 2041 imperatiuus
1231 1976 1271 2018 55

58 2056 265 2142 particulam
286 2055 476 2118 retinuerit.
521 2053 572 2118 De
594 2073 661 2141 qua
683 2076 718 2119 re
740 2056 818 2120 uide
839 2057 939 2120 insta.

144 2154 319 2238 Negatio
350 2155 391 2218 in
423 2156 656 2240 pronomine
689 2157 778 2221 inest
810 2155 848 2219 ΙΙ
882 2159 922 2222 56
955 2156 1049 2220 rectia
1081 2161 1173 2220 uacet
1200 2156 1269 2233 tibi,

59 2255 177 2333 Rome,
200 2275 335 2335 manca·
348 2254 407 2320 III
422 2257 484 2319 314
499 2276 549 2341 sq.
565 2259 743 2319 tractentur
757 2256 895 2320 5575555
910 2256 1005 2320 acite
1023 2258 1028 2342 Ι
1047 2275 1139 2320 55555
1154 2276 1272 2335 mcum

59 2357 132 2422 VH
156 2360 196 2422 25
220 2355 333 2419 ortiles
355 2355 431 2418 tude
452 2355 597 2418 uerteret
619 2375 722 2420 cerea.

145 2456 340 2541 Negatiuae
362 2455 640 2520 adiunctionis
661 2456 843 2542 particula:
867 2466 942 2522 Post
963 2464 1215 2522 affirmationem

145 2557 215 2621 Nee
247 2559 363 2643 (quam
400 2556 604 2642 particulam
637 2560 715 2642 post
748 2557 1003 2622 affirmationem
1035 2559 1169 2623 solitam
1200 2579 1271 2624 esse

62 2660 185 2723 docent
217 2657 459 2742 grammatici):
492 2657 531 2723 H
563 2661 626 2722 344
658 2657 781 2742 (liceat)
814 2679 872 2722 555
904 2663 1095 2740 quarratam
1127 2659 1179 2724 IV
1210 2661 1272 2723 164

61 2758 209 2842 (inferte)
231 2777 289 2820 555
312 2757 423 2834 tieect;
444 2756 477 2822 V
500 2760 561 2823 576
583 2758 708 2843 (liceat)
730 2779 787 2821 555
803 2809 810 2823 .
828 2809 835 2822 .
853 2810 860 2823 .
879 2760 940 2840 sit;
954 2759 1006 2824 Vl
1021 2761 1082 2824 805
1098 2780 1147 2844 sq.
1160 2759 1272 2844 (refer)

62 2881 120 2923 555
152 2858 263 2940 yterio
288 2877 417 2937 parrae
436 2859 441 2942 Ι
460 2856 616 2923 sollicitet
647 2861 753 2937 citae·
784 2858 838 2923 IX
865 2862 906 2925 88
933 2881 1004 2947 sqq.
1027 2861 1193 2944 (excipite)
1215 2881 1273 2922 555

61 2979 241 3040 remquam.
259 3009 265 3023 .
283 3008 291 3022 .
313 2963 424 3034 uocet·
445 2957 479 3023 X
501 2962 562 3024 375
585 2961 787 3044 (mactemus)
810 2979 867 3023 555
889 2979 950 3023 555
972 2960 1136 3025 deterreat.
1162 3000 1201 3008 -ω

147 3080 223 3140 -que
245 3079 328 3123 riori:
350 3059 382 3124 V
406 3062 466 3125 755
489 3080 548 3145 sq.,

61 3163 93 3229 V
117 3164 181 3226 754

148 3263 250 3327 tutior
271 3263 395 3324 interea
412 3260 553 3340 populis
575 3265 606 3324 et
627 3262 729 3325 tritior
751 3263 841 3325 55555

146 3383 221 3444 repe
244 3361 317 3439 tote,
334 3363 542 3442 positamque
559 3361 680 3440 procat
702 3361 837 3441 fortuita
859 3365 972 3426 marit'

147 3483 215 3526 555
237 3467 304 3526 tota
327 3467 356 3526 te
377 3462 461 3526 mete
478 3466 618 3541 premet.

147 3562 295 3648 Negatio
317 3564 353 3626 in
369 3564 564 3649 pronomine
579 3563 681 3627 inest:
698 3563 769 3629 VH
785 3567 846 3630 553
861 3564 1038 3649 (retiaque)
1052 3565 1209 3646 auitoque
1222 3617 1228 3630 .
1242 3615 1271 3630 ..

63 3667 170 3730 (755552
185 3714 192 3727 .
210 3714 241 3728 ..
265 3668 316 3728 cet
355 3715 361 3728 .

147 3774 222 3829 Post
246 3773 453 3840 negatorem
485 3764 570 3828 Nee:
596 3765 615 3828 Ι
637 3767 678 3830 93
700 3786 749 3851 sq.
772 3785 830 3830 555
846 3817 855 3830 ,
871 3816 903 3831 ..
927 3767 1045 3830 credite
1067 3786 1124 3830 555
1140 3817 1147 3830 .
1164 3816 1171 3830 .
1189 3816 1195 3828 .
1213 3786 1272 3847 pe-

64 3871 193 3943 toritum
225 3864 297 3931 VII
330 3867 392 3930 320
424 3885 494 3952 sqq.
523 3886 588 3929 555
605 3917 612 3930 .
630 3916 662 3930 ..
686 3886 742 3929 555
758 3916 765 3929 .
783 3916 814 3931 ..
838 3871 1076 3945 commoueant-
1097 3864 1188 3932 VIII
1211 3869 1272 3932 738

62 3968 178 4031 robora
200 3985 266 4030 555
289 3967 397 4030 desint
418 3968 535 4030 misero
558 3987 616 4030 555
637 3966 793 4031 sordidus
813 3972 914 4032 ustor.

148 4071 177 4133 3.
222 4067 328 4134 Coni.
362 4068 631 4133 conoessiuus:
676 4066 781 4154 Saepe
814 4067 950 4132 difficile
976 4089 1055 4133 sane
1082 4073 1133 4132 est
1154 4089 1272 4132 uerum

65 4169 244 4234 discrimen
270 4173 418 4233 statuere
443 4169 534 4233 inter
554 4167 616 4233 hoc
638 4169 846 4234 coniunctiui
867 4191 971 4253 genus
994 4173 1028 4232 et
1049 4167 1271 4249 hortatiuum;
