2836 4672
154 145 215 209 148

108 331 193 390 esse3
216 311 364 397 reliquas
386 312 422 374 in
445 311 552 376 altum
573 316 749 396 prouectas
771 311 994 377 continentem
1013 309 1164 398 petiisse.
1194 312 1302 395 Quare

108 410 271 477 adductos
303 409 488 476 Britannos
520 410 709 477 rebellasse.
763 410 820 478 Sic
851 433 931 478 uero
963 410 1145 498 Pompeius
1173 435 1241 479 rem
1261 436 1301 478 ex-

107 511 217 597 ponit:
251 508 429 577 Ceesarem
461 509 644 576 Britannos
670 513 770 597 longo
796 511 917 578 itinere
944 511 1114 599 quaesitos
1137 513 1301 579 attonitum

107 611 237 697 fugisse
270 611 340 677 uim
372 610 558 698 importuni
585 611 689 678 maris
716 611 839 679 Oceani
865 617 1050 678 causatum.
1095 612 1188 695 Quid
1208 620 1302 681 tamen

109 711 285 778 Caesarem
311 710 475 776 Oceanum
497 712 652 778 uacasse?
687 712 786 779 Nihil
807 713 875 778 nisi
894 717 1012 794 stapaa
1026 715 1145 778 incerti
1154 713 1302 795 profana

106 812 299 900 fretumque
332 818 523 897 angustum,
558 812 618 877 ubi
644 834 685 878 ne
711 819 893 901 tempestas
919 812 1053 900 quidem
1076 815 1302 900 nauigantibus

107 912 294 1000 periculum
327 913 490 979 facessere
521 918 642 1000 posset
686 912 875 980 Franckeni
903 915 1016 978 exutis
1041 913 1223 1000 frigidum
1252 916 1301 980 lec-

106 1011 212 1078 tionis
235 1035 314 1078 uero
336 1013 498 1098 uulgatae
521 1015 676 1094 quaesitis
697 1015 822 1093 uerbis,
844 1037 930 1102 quae
951 1021 1032 1081 sunt
1047 1016 1165 1080 territa
1180 1016 1302 1080 ostada

108 1118 208 1194 torpa,
232 1115 423 1200 oppositum
445 1114 488 1179 ad
510 1113 701 1181 irrisionem
715 1113 922 1181 efficiendam
938 1116 1156 1202 aptissimum
1172 1117 1301 1182 uidetur.

107 1331 125 1395 Ι
210 1333 228 1394 9

127 1331 145 1396 I
167 1333 268 1497 6laiac
289 1431 384 1496 illiue
406 1437 530 1496 mactes
551 1432 739 1512 scopulosae
761 1434 853 1514 rupis
876 1439 984 1515 aperto

192 1533 345 1614 opposuit
366 1537 486 1597 natura
508 1533 593 1596 mara
614 1532 775 1614 flatusque
797 1535 945 1613 remouit,

191 1638 228 1697 ut
250 1633 387 1698 tremulo
409 1639 536 1698 starent
557 1639 725 1698 aculeatae
744 1633 826 1714 fuae
848 1636 986 1701 canuae.

192 1783 339 1869 Bentley
362 1788 457 1848 acute
479 1805 541 1870 pro
563 1789 688 1847 moutes
709 1785 812 1851 uerbo
827 1785 970 1851 coniecit
984 1786 1096 1866 males,
1111 1787 1303 1875 astipulante

108 1885 315 1952 Franckeno.
358 1884 426 1950 Hie
447 1883 582 1970 quidem
602 1886 638 1948 in
657 1885 814 1969 genetiuo
829 1887 989 1952 materiae
1003 1885 1240 1953 offendendum
1253 1887 1303 1964 ait3

108 2006 216 2071 neque
238 1985 327 2050 enim
349 1985 496 2070 scopulis
519 1987 685 2069 congestis
707 1984 781 2052 fieri
800 1991 955 2052 montem.
984 1985 1117 2055 Deinde
1132 1986 1218 2068 ideo,
1231 1985 1304 2075 quod

108 2107 210 2172 rupes
243 2084 280 2153 in
313 2107 404 2153 mere
435 2087 627 2171 prominens
659 2107 789 2172 semper
814 2087 861 2154 sit
885 2087 1066 2168 scopulosa,
1093 2089 1304 2155 necessarium

110 2185 220 2253 uideri
252 2186 362 2270 legere
393 2205 574 2266 scruposas.
618 2186 728 2271 Atqui
754 2188 911 2273 primum,
933 2187 1013 2253 licet
1035 2189 1253 2257 concedamus
1272 2206 1304 2255 ne

107 2285 249 2373 rupibus
272 2285 456 2372 scopulosis
478 2286 613 2373 quidem
636 2287 804 2372 congestis
820 2293 965 2357 montem
979 2287 1062 2369 fieri,
1078 2295 1194 2359 temen
1208 2289 1305 2356 omnio

108 2408 191 2452 sane
213 2408 284 2452 esse
306 2408 401 2473 posse
423 2388 591 2454 uidentur.
629 2385 720 2468 Quid
736 2388 899 2469 animast,
916 2389 999 2475 quin
1013 2389 1129 2459 eodem
1144 2390 1186 2456 de
1199 2399 1304 2476 genere

107 2486 140 2551 h.
168 2487 191 2551 l.
224 2489 420 2571 genetiuum
453 2509 524 2553 esse
557 2487 759 2553 arbitremur
785 2510 850 2575 quc
873 2511 922 2554 ex.
946 2511 996 2574 gr.
1018 2489 1071 2556 IV
1093 2493 1157 2556 460
1180 2487 1304 2556 eoutaaa'

107 2588 242 2653 uerticis
263 2588 388 2665 cudae·
409 2587 498 2655 VIII
520 2591 582 2652 474
603 2589 743 2656 uiolenti
757 2590 891 2654 uerticis
905 2589 1055 2655 aunem?
1083 2590 1216 2658 Deinde
1229 2588 1304 2678 quod

107 2689 230 2754 totiens
253 2709 321 2753 una
343 2688 548 2756 collocantur
570 2689 682 2768 uerba,
706 2710 791 2777 quae
813 2695 892 2755 sunt
914 2710 1012 2770 rupes
1034 2697 1069 2758 et
1089 2693 1228 2772 scopuli,
1241 2691 1302 2757 ideo

107 2793 202 2855 tanto
225 2788 333 2873 magis
355 2787 564 2854 retinendam
587 2810 703 2857 censeo
724 2789 901 2856 lectionem
923 2792 1016 2871 rupis
1037 2792 1241 2873 scopulosae;
1263 2789 1303 2857 cfr

106 2888 159 2954 IV
180 2892 240 2954 451

643 2991 825 3072 relipatque
847 2999 976 3057 eateaas

191 3089 284 3169 rupis
305 3091 344 3155 ab
366 3089 526 3172 Illyricae
547 3091 691 3171 seopulis

107 3189 197 3255 Vlll
219 3193 260 3254 46

191 3290 284 3370 rupis
305 3291 342 3352 να
364 3291 520 3371 abruptae
541 3292 691 3372 scopulos

192 3405 253 3473 cfr
278 3408 389 3472 locum
414 3407 661 3493 Vergilianum,
683 3412 742 3496 qui
764 3409 901 3476 Lucano
923 3412 1123 3478 obuersatus
1146 3412 1179 3478 h.
1201 3414 1223 3478 l.
1242 3428 1299 3478 esso

107 3508 252 3585 uidetur,

106 3608 208 3693 Verg.
231 3606 317 3673 Aen.
339 3609 358 3674 I
381 3611 441 3674 162

191 3709 267 3772 biae
289 3714 384 3791 atque
406 3711 481 3775 bauo
503 3716 614 3775 uastae
637 3732 734 3791 rupes
754 3713 940 3793 peruiaeque
962 3714 1134 3779 uiuaalur

190 3810 226 3872 να
249 3811 373 3874 coelura
395 3811 522 3892 seopula'

190 3926 400 3993 Conferenda
432 3950 479 4007 ea,
507 3950 592 4015 quac
613 3930 728 4015 paullo
750 3929 843 3996 infra
865 3931 905 3996 de
928 3930 1073 3997 nauibus
1096 3954 1117 3997 a
1139 3934 1297 4021 tempesta·

105 4032 178 4091 tum
210 4027 247 4092 ui
278 4029 364 4094 tutis
397 4028 564 4094 dicuntur.
619 4029 721 4095 Maus
754 4037 800 4097 et
819 4030 973 4111 scopulus
1004 4053 1073 4097 una
1106 4033 1298 4099 collocantur

105 4125 230 4193 Lucan.
254 4129 305 4195 Vl
328 4132 388 4193 26ss
412 4150 461 4215 sq.
