2850 4666
53 342 94 407 Π
120 347 180 408 171

139 464 263 524 perque
286 445 391 508 omues
415 449 547 508 truucce
569 463 642 507 curu
664 463 731 524 quc
754 444 875 506 ceruice
898 443 1037 506 recisum

145 545 315 609 ccuueuu'ut
337 545 499 626 quoesisse
521 548 630 626 ceput.

143 728 318 794 Francken
344 751 405 815 pro
431 750 497 810 quc
523 728 702 813 legendum
728 734 841 793 censet
867 748 940 809 quo,
964 727 1019 792 cni
1040 727 1230 814 pronomini
1251 750 1268 794 e

54 829 171 910 uerbo,
198 830 286 917 qnod
313 835 364 895 est
391 835 530 908 truucoS,
558 827 810 895 substantiuum
836 828 1040 894 audiendum
1066 833 1125 893 est.
1170 827 1269 910 Quod

56 929 239 996 Francken
274 931 435 1015 uulgatae
468 930 688 996 infirmandae
721 951 824 996 causa
856 928 1039 994 affirmauit
1071 928 1107 993 in
1140 928 1269 1015 poetico

57 1053 210 1098 sermone
242 1036 317 1117 post
349 1030 639 1117 praepositionem,
666 1028 866 1115 praesertim
893 1030 999 1118 unius
1017 1030 1180 1116 syHabae,
1203 1052 1269 1094 non

58 1133 166 1197 solere
188 1133 304 1198 statim
326 1133 405 1218 poni
428 1130 678 1197 substantiuum
701 1153 776 1196 cum
799 1129 972 1208 attributo,
994 1130 1056 1195 hoo
1072 1136 1269 1215 argumento

57 1230 111 1297 uti
134 1233 311 1308 nonlicet,
334 1253 437 1319 quum
461 1231 633 1297 abundent
655 1232 808 1317 exempla
829 1230 988 1296 Lucanca
1002 1230 1052 1296 ita
1067 1236 1268 1317 comparata.

56 1330 109 1398 De
132 1354 200 1418 qua
220 1354 257 1398 re
279 1333 357 1398 uide
376 1332 415 1397 L.
436 1332 549 1398 Bauer
563 1331 594 1398 N
607 1331 658 1397 Ph
671 1332 703 1398 R
720 1334 801 1398 1898
815 1355 847 1419 p.
864 1336 935 1410 247,
951 1333 1010 1419 qui
1026 1353 1067 1396 ex
1081 1331 1168 1397 libro
1184 1352 1269 1396 nono

58 1439 209 1519 sumptos
230 1434 391 1498 tredecim
413 1435 502 1498 locos
524 1433 670 1518 collegit.
707 1432 875 1519 Exempla
890 1455 929 1498 ea
943 1432 1099 1498 Lucanea
1114 1429 1269 1516 (1X2143

57 1533 91 1598 X
108 1536 193 1618 100),
216 1535 338 1621 quibus
360 1534 538 1599 Francken
561 1539 776 1613 structuram,
800 1556 901 1620 quam
921 1535 1068 1619 praebet,
1089 1539 1190 1614 caput
1205 1553 1268 1596 cer-

58 1636 130 1700 uice
166 1639 314 1713 recisum,
351 1635 470 1700 fulcire
506 1640 654 1714 conatur,
693 1635 758 1699 huc
794 1657 860 1698 non
895 1636 1064 1720 pertinere
1100 1633 1268 1698 uidentur.

57 1733 199 1801 Rectius
221 1735 365 1801 conferri
386 1741 528 1822 possunt

56 1868 95 1934 Π
119 1874 179 1934 111

595 1972 773 2052 rapuitque
796 1975 950 2034 cruentus

142 2071 249 2137 ructor
272 2071 312 2134 cb
335 2072 450 2152 ipuctc
472 2071 584 2136 uoltus
607 2073 732 2136 ceruice
754 2072 873 2136 recisos

22 2243 26 2250 ,
55 2169 120 2238 Sil.
145 2170 225 2237 Ital.
247 2171 332 2236 Pun.
355 2171 428 2236 XII
449 2175 511 2239 478

227 2293 325 2353 quum
348 2273 464 2352 rapidi
487 2279 588 2356 caput
610 2295 630 2339 c
653 2274 776 2338 ceruice
796 2274 934 2337 recisum

136 2379 315 2455 portarent
340 2373 461 2453 fluctus

55 2505 125 2573 Sed
149 2509 310 2574 mutanda
331 2509 430 2574 lectio
452 2509 604 2574 codicum
626 2531 690 2574 non
715 2530 786 2574 esse
808 2509 953 2575 uidetur.

55 2775 93 2840 Π
119 2777 180 2840 193

594 2878 681 2942 uidit
703 2879 854 2943 Fortuna
876 2878 1007 2942 colouos

141 2975 363 3041 Prueucetc'uc
384 2998 462 3042 euos
485 2984 616 3043 cunctos
637 2979 738 3044 simul
760 2999 834 3042 euee
856 2984 981 3059 recepto

141 3079 242 3141 uuc'us
257 3079 422 3159 populum
440 3085 632 3159 pereuntem
656 3085 798 3160 tempore
820 3080 945 3145 mortio.

140 3260 216 3326 PU
231 3286 264 3326 m
279 3285 303 3327 v
337 3269 481 3343 receptos
513 3263 685 3345 exhibent3
719 3286 779 3351 pro
805 3266 977 3350 receptus)
1001 3263 1154 3330 codicum
1176 3264 1269 3348 uulg.
1295 3304 1298 3310 ,

56 3363 187 3427 recisos.
241 3362 308 3428 Pro
340 3384 417 3428 succ
450 3367 496 3448 (u.
531 3368 606 3447 194)
639 3365 748 3431 Barth
775 3365 915 3430 coniecit
940 3384 1009 3443 suo,
1037 3365 1126 3451 quod
1151 3364 1271 3450 recipit

56 3462 246 3530 Francken.
290 3463 351 3528 Illi
374 3465 506 3530 credere
527 3466 688 3531 uidentur
709 3464 945 3531 Praenestinos
965 3487 1006 3530 ex
1021 3465 1103 3531 urbe
1118 3470 1271 3531 euocatos

59 3569 93 3630 et
115 3587 136 3631 a
159 3562 311 3631 Sullanis
333 3564 555 3631 circumdatos
579 3566 756 3652 desperata
778 3566 886 3631 salute
908 3567 944 3630 in
960 3589 1037 3631 suos
1052 3567 1184 3652 gladios
1198 3587 1271 3652 pro

57 3665 225 3731 cubuisse.
268 3663 336 3732 Sed
357 3668 408 3731 ita
430 3688 501 3731 eam
523 3688 594 3732 rem
616 3673 745 3752 gestam
767 3688 838 3731 esse
857 3688 953 3731 nemo
969 3667 1170 3753 scriptorum
1186 3666 1270 3730 anti-

55 3787 199 3854 quorum
235 3772 354 3831 auctor
387 3772 445 3832 est.
493 3766 645 3846 Accedit,
673 3768 762 3855 quod
787 3766 889 3833 facile
916 3767 1122 3854 dispicimus,
1150 3767 1272 3852 quibus

54 3865 250 3933 rationibus
280 3868 444 3933 adductus
470 3867 628 3933 Lucanus
653 3890 730 3933 euos
752 3869 891 3934 uerbum
915 3867 1120 3933 adhibuerit:
1154 3867 1185 3930 ci
1207 3887 1273 3931 non

58 3975 108 4034 cst
135 3967 228 4032 cordi
255 3967 429 4033 honestam
455 3969 596 4035 uirtutis
622 3977 790 4035 extremae
816 3969 960 4055 speciem
983 3967 1191 4044 adumbrare,
1215 3967 1272 4031 sed

56 4067 172 4133 docere
195 4069 362 4134 neminem
385 4070 551 4156 supplicio
574 4075 749 4156 exceptum
772 4070 876 4134 fuisse
900 4075 933 4134 et
951 4090 1012 4154 per
1026 4088 1139 4132 omnes
1154 4066 1272 4153 populi

54 4173 169 4255 partes
195 4169 321 4254 passim
348 4175 571 4255 peruagatam
598 4191 669 4235 esse
691 4170 825 4235 caedem
848 4170 939 4249 adeo,
963 4176 1005 4233 ut
1027 4189 1072 4233 ne
1094 4167 1272 4234 Fortuna
