2836 4672
1165 186 1227 250 123

55 376 191 442 cunque
216 353 354 419 iusserit
380 350 512 431 (laesor,
540 353 677 438 exsequi
699 357 733 418 et
753 352 841 418 uelle
863 356 897 418 et
917 373 1014 438 posse
1035 373 1167 418 necesse
1189 373 1269 431 esse,

57 457 89 522 si
116 460 152 521 et
178 455 220 520 ab
247 454 461 540 imperatoris
482 454 598 540 poenis
621 457 655 518 et
677 454 719 518 ob
741 453 888 519 hostium
911 454 1088 520 atrocitate
1109 454 1177 519 tuti
1200 474 1270 519 esse

56 557 182 636 uelint3
215 555 265 620 cfr
296 552 369 621 VH
395 556 455 620 307
489 573 561 618 oum
588 553 669 618 doce
695 552 834 619 Sullano
860 555 1005 636 perimus
1032 554 1148 619 ciuilio
1175 553 1270 618 bello.

56 657 162 736 Haeo,
190 657 226 721 in
253 678 321 743 que
342 655 446 740 uulgo
468 655 680 721 offenderunt
702 656 800 734 docti,
822 658 958 722 inuersa
980 655 1157 721 uerborum
1172 673 1271 735 posse

56 762 92 824 et
124 757 211 822 66116
243 758 331 822 rctio
364 777 521 840 magnum
546 757 618 821 uim
643 756 765 822 habere
786 757 923 822 uidetur
944 757 987 822 ad
1009 755 1166 822 fiduciam
1188 753 1269 821 Coe-

58 859 146 924 saris
180 856 377 942 augendum.
425 854 540 923 Aliter
564 856 621 924 W.
643 854 685 922 Ε.
712 857 886 936 Η61116ιι1,
914 855 1000 923 CIR
1021 857 1151 922 1114οε
1185 855 1270 923 >Tho

56 960 234 1024 centurion
266 959 296 1023 is
328 958 435 1023 under
467 959 666 1024 constreint:
700 957 742 1023 he
767 963 888 1023 cannot
909 981 972 1046 say
993 978 1059 1023 non
1074 978 1212 1039 possum
1233 958 1270 1022 in

58 1060 116 1126 the
139 1060 212 1125 face
234 1060 271 1124 of
290 1059 344 1124 his
366 1060 522 1145 previous
545 1058 704 1145 exploits:
731 1058 772 1124 he
795 1064 916 1124 cannot
937 1081 1001 1146 say
1022 1079 1088 1124 oon
1109 1059 1195 1135 colo,
1217 1060 1270 1125 for

57 1160 99 1225 he
126 1159 189 1225 has
215 1181 300 1245 gone
320 1165 377 1225 too
398 1159 452 1224 far
473 1163 508 1224 to
530 1164 610 1224 turn
632 1160 742 1225 book.»
786 1156 851 1225 Sed
872 1161 923 1224 ite
944 1182 1075 1246 quoque
1096 1161 1195 1227 lectio
1217 1181 1270 1226 oo-

59 1261 172 1326 dicum
194 1260 402 1346 probabilem
424 1260 628 1346 explicatum
650 1260 772 1327 hebere
793 1260 938 1326 uidetur.

142 1361 219 1427 Iam
241 1383 320 1426 uero
342 1361 499 1426 metricae
522 1382 652 1449 quoque
673 1362 723 1427 rei
745 1362 833 1426 ratio
855 1360 1017 1441 habenda,
1041 1365 1071 1428 si
1091 1363 1270 1450 quidinde

59 1484 189 1530 sumere
209 1464 387 1548 possimus,
409 1463 498 1551 quod
521 1463 753 1529 adlectionem
769 1462 918 1527 codicum
933 1462 1137 1529 fulciendam
1152 1469 1270 1551 aptum

59 1565 114 1630 sit.
158 1560 275 1649 Atque
301 1563 485 1628 notandum
512 1569 564 1629 est
584 1562 761 1648 uulgatam
783 1562 941 1649 praebere
963 1565 1034 1629 iotu
1055 1587 1212 1651 percussa
1233 1566 1269 1629 in

59 1666 207 1733 caesuris
220 1664 237 1698 ⁴*
260 1663 419 1729 similiter
441 1663 642 1730 desinentia:
665 1662 757 1727 iusso
772 1665 866 1745 sequi
881 1667 885 1745 1
905 1669 970 1730 tom
981 1685 1078 1746 posse
1093 1665 1177 1731 miii
1189 1667 1201 1754 ΙΙ
1216 1717 1223 1746 2
1240 1717 1268 1733 .,

59 1805 97 1814 —
119 1765 174 1830 Dc
196 1763 390 1830 huiusmodi
411 1764 511 1830 rebus
534 1766 604 1849 egit
625 1763 796 1830 Lucienus
817 1764 970 1846 Mueller,
993 1766 1045 1831 De
1067 1789 1102 1833 re
1117 1769 1270 1834 metrica²

59 1889 112 1955 pp.
137 1868 198 1932 567
223 1885 309 1953 sqq.;
336 1888 368 1951 p.
391 1865 453 1932 569
476 1864 557 1930 haec
578 1865 693 1930 habet:
715 1892 739 1928 ι.
757 1915 789 1929 ..
812 1871 889 1952 apte
911 1867 1098 1933 mehercule
1120 1867 1269 1935 homoeo-

58 1968 195 2034 teleutis
218 1989 275 2032 eae
294 1971 407 2053 partes
427 1971 618 2046 metrorum,
641 1968 681 2032 in
704 1967 848 2054 quibus
870 1969 1010 2054 utique
1031 1990 1188 2034 neeesse
1210 1975 1270 2035 est

59 2069 262 2135 immorari
281 2089 427 2148 uocem,
451 2067 579 2133 scilicet
600 2069 636 2133 in
658 2090 796 2134 caesura
817 2074 851 2133 et
872 2068 965 2133 exitu
985 2070 1115 2134 numeri
1129 2071 1268 2155 positae,

59 2175 90 2237 et
109 2193 144 2258 p.
160 2170 237 2234 570:
260 2167 317 2232 »In
332 2167 385 2233 his
399 2174 512 2234 tomen
528 2169 682 2235 omnibus
697 2191 826 2255 semper
840 2168 941 2253 probe
956 2169 1169 2235 obseruatum
1184 2170 1268 2255 figu-

59 2293 130 2338 ram
153 2291 225 2337 esse
239 2268 440 2335 rhetoricum
454 2269 560 2348 illum,
576 2292 642 2334 non
656 2271 844 2357 poeticam>
873 2268 942 2335 Res
958 2274 1108 2335 constare
1122 2270 1269 2351 uidetur,

59 2372 192 2439 etiamsi
213 2369 256 2436 L.
277 2370 323 2436 M.
346 2370 382 2435 id
403 2376 537 2437 tantum
559 2371 667 2436 dicere
690 2371 799 2435 uoluit
819 2391 990 2436 caesuram
1005 2375 1039 2435 et
1053 2371 1181 2435 exitum
1195 2392 1268 2437 uer-

59 2496 115 2539 sus
138 2474 190 2538 itu
212 2471 279 2537 sibi
300 2471 507 2558 respondere,
530 2493 596 2537 non
617 2473 709 2550 item,
732 2471 762 2536 si
776 2472 890 2558 plures
905 2471 1025 2536 sintin
1041 2471 1154 2536 eodem
1168 2493 1269 2538 uersu

58 2594 226 2651 caesurae,
258 2594 361 2637 unam
394 2593 565 2638 caesuram
598 2572 706 2637 alteri.
755 2569 870 2658 Atque
896 2571 1028 2638 Lucani
1053 2594 1135 2657 opus
1163 2573 1193 2638 si
1219 2573 1268 2636 in-

59 2674 277 2760 spexerimus,
310 2673 520 2739 inueniemus
553 2677 587 2738 et
613 2671 702 2737 huno
728 2678 762 2738 et
787 2672 885 2737 illum
907 2672 1085 2738 uerborum
1108 2673 1269 2738 collocan-

57 2775 176 2840 dorum
202 2795 301 2838 usum
328 2795 398 2839 esse
424 2778 541 2860 poetae
566 2773 654 2838 huic.
698 2773 893 2853 Videamus
921 2779 1086 2860 quatenus
1111 2773 1269 2839 Lucanus

58 2876 94 2940 in
121 2875 270 2940 caesuris
296 2874 447 2960 posuerit
473 2873 631 2939 similiter
657 2873 811 2939 cadentia
836 2873 893 2939 uel
915 2874 1160 2939 desinentiam
1182 2875 1269 2940 libro

57 2975 213 3063 quolibet
233 2974 343 3060 operis
366 2975 430 3039 sui.
473 2975 578 3041 Liber
600 2975 762 3060 septimus
785 2974 866 3039 hoec
888 2972 1025 3040 exhibet
1046 2975 1212 3061 exempla:

140 3098 175 3140 ιι.
199 3077 239 3141 32
262 3078 435 3140 extremum
455 3078 459 3158 1
480 3076 566 3138 tanti
587 3074 724 3155 fructum
749 3075 761 3162 11
786 3076 946 3155 caperetis
967 3079 1089 3141 amoris

141 3200 175 3243 u.
199 3178 260 3242 105
282 3176 436 3263 66616611
456 3177 553 3240 timor
574 3176 645 3258 ipse
666 3177 750 3241 moli
770 3178 793 3264 11.
836 3176 1056 3242 Fortissimus
1078 3175 1135 3241 iile
1158 3183 1206 3242 est

141 3301 175 3343 ιι.
200 3277 259 3342 152
275 3297 340 3357 per
361 3279 475 3344 corius
494 3278 498 3362 1
516 3276 651 3358 fortuna
673 3284 768 3343 ootco
792 3279 804 3364 11
829 3329 885 3343 ...

141 3382 190 3464 (ιι.
215 3380 275 3444 154
296 3397 397 3459 quom
413 3384 567 3460 peterent,
592 3382 678 3443 totus
699 3379 906 3444 uenientibus
929 3378 1055 3443 obstitit
1077 3379 1213 3464 66116ν,)

141 3501 176 3544 u.
201 3480 260 3544 168
285 3483 319 3544 61
342 3484 378 3542 to
401 3500 482 3561 quos
503 3479 659 3544 scelerum
681 3500 818 3560 superos
842 3481 854 3566 11
879 3530 886 3545 .

140 3603 175 3644 ιι.
200 3582 259 3645 112
282 3579 352 3644 iam
373 3579 517 3656 dubium,
541 3581 740 3645 monstrisne
762 3581 851 3646 deum
875 3582 888 3668 11

141 3704 175 3746 ιι.
200 3681 261 3747 180
282 3685 356 3746 onte
379 3681 514 3767 6661631
554 3681 693 3746 uolitare
714 3702 792 3747 suos
816 3683 829 3769 11

141 3803 175 3847 u
199 3784 259 3846 212
283 3782 781 3868 61166111961611616663661611
801 3784 814 3871 11

141 3905 175 3948 u.
199 3885 259 3948 218
281 3881 429 3962 Lentule,
457 3902 522 3947 oum
541 3884 683 3969 {primu
712 3904 794 3965 quoe
817 3890 879 3948 tum
903 3885 916 3970 11
939 3883 1005 3964 fuit
1027 3883 1152 3964 optima
1174 3882 1268 3963 16116,

142 4005 176 4048 ιι.
199 3986 260 4048 221
284 3988 320 4048 61
341 3984 465 4069 16661111
483 3985 584 4051 robor
606 3984 685 4049 beili
704 3986 717 4070 11

143 4142 157 4172 ’
176 4136 317 4190 (laesuram
339 4139 581 4204 semiseptenarinm
601 4153 679 4204 scope
696 4140 824 4190 incisione
842 4154 932 4191 uersus
950 4139 1132 4190 semitemsrlu
1149 4138 1269 4190 adiuuari

56 4221 109 4258 non
126 4207 174 4270 est,
192 4205 262 4269 quod
278 4220 403 4257 moneam.
