2836 4672
61 1103 228 1246 Lucani
248 1181 383 1258 librum,
406 1181 441 1244 in
465 1180 553 1267 quod
575 1201 658 1266 opus
680 1185 768 1246 reete
787 1180 1056 1245 constituendum
1071 1182 1270 1268 penitusque

44 1280 300 1381 ‘explicandum
326 1281 394 1346 iam
420 1281 521 1346 multi
546 1287 580 1345 et
602 1280 787 1346 doctissimi
808 1280 876 1344 uiri
898 1301 1032 1366 operam
1054 1281 1270 1370 studiumque

65 1383 278 1459 contulerint,
301 1380 363 1446 hac
385 1381 661 1446 commentatione
681 1385 827 1445 tractare
849 1370 933 1445 mihi
951 1381 987 1444 in
1003 1382 1113 1446 animo
1128 1388 1188 1447 est.
1218 1379 1272 1447 Ac

63 1483 150 1548 mihi
181 1482 324 1569 quidem,
359 1503 417 1547 cur
443 1482 494 1546 ita
520 1480 603 1545 mihi
628 1481 817 1546 faciendum
840 1500 1015 1560 censerem,
1038 1503 1157 1547 censae
1178 1482 1271 1547 fuere

62 1584 140 1650 hae:
174 1583 319 1669 primum
351 1582 388 1645 in
413 1581 544 1647 Lucani
570 1581 730 1646 sermonis
752 1603 850 1646 usum
871 1582 1040 1668 inquirere
1062 1603 1127 1646 non
1148 1583 1271 1647 inutile

62 1685 134 1748 fore
157 1683 286 1769 putaui,
310 1683 339 1747 11
355 1682 431 1769 quis
447 1701 641 1766 cognoscere
655 1681 768 1760 uellet,
784 1680 947 1768 quomodo
963 1687 997 1746 et
1010 1703 1077 1768 qua
1091 1682 1149 1747 uia
1164 1703 1270 1746 sermo

62 1785 260 1868 Augusteae
296 1783 418 1848 aetatis
454 1781 623 1867 gradatim
655 1781 749 1847 uarie
781 1786 932 1846 mutatus
965 1788 1061 1847 esset.
1113 1781 1270 1846 Omnium

64 1885 153 1948 enim
168 1887 354 1968 argenteae,
371 1903 456 1969 quae
472 1883 605 1962 dicitur,
622 1883 743 1948 aetatis
754 1888 928 1968 poetarum
940 1882 1117 1968 epicorum,
1129 1903 1270 1969 quorum

63 1984 200 2071 quidem
232 2004 333 2069 opera
365 1984 489 2049 maiore
522 1983 667 2069 quadam
700 2004 740 2047 ex
772 1987 868 2069 parte
900 1981 996 2046 nobis
1022 1987 1156 2048 seruate
1182 1988 1271 2060 sunt,

64 2084 253 2168 Augusteis
277 2088 385 2148 aetate
407 2084 579 2170 proximus
601 2084 669 2147 fuit
689 2082 857 2149 Lucanus.
900 2080 1011 2168 Atqui
1026 2082 1069 2147 ad
1083 2087 1270 2169 temporum

64 2191 98 2250 et
120 2185 292 2249 modorum
314 2206 412 2248 usum
434 2183 628 2249 Lucaneum
643 2185 798 2248 uniuerse
814 2182 995 2247 eruendum
1011 2184 1100 2270 quod
1114 2183 1270 2248 idoneum

65 2291 162 2362 esset,
189 2305 284 2349 nemo
311 2283 420 2349 adhuc
442 2284 638 2350 elaborauit.
682 2281 887 2349 Tractunmt
908 2284 1043 2371 quidem
1065 2289 1099 2349 et
1120 2283 1271 2349 Koerber

63 2385 130 2469 (De
152 2383 283 2450 Lucani
304 2406 368 2449 usu
390 2386 586 2471 syntactioO,
608 2383 779 2471 Petropoli
802 2386 898 2469 1874)
920 2389 954 2449 et
975 2382 1166 2450 Obermeier
1187 2383 1271 2468 (Der

64 2484 353 2571 sprachgebrauoh
387 2485 444 2550 des
476 2485 522 2550 M.
555 2487 716 2551 Annaeus
741 2485 908 2564 Lucanus,
935 2483 963 2564 I,
985 2483 1152 2550 Mfinohen
1175 2486 1271 2569 1886)

64 2586 277 2672 quaestiones
299 2586 477 2652 nonnullas
493 2586 642 2652 Lucanei
657 2586 827 2663 sermonis,
844 2586 901 2650 sed
916 2586 959 2651 ad
975 2586 1060 2651 alias
1074 2585 1143 2650 fere
1157 2589 1270 2671 partes

62 2686 281 2771 pertinentes.
335 2685 536 2772 Tempornm
568 2708 666 2751 usum
700 2683 892 2752 Obermeier
917 2686 1051 2774 quidem
1078 2686 1271 2751 summatim

62 2790 200 2851 tantum
222 2786 339 2871 attigit
360 2787 483 2871 (libelli
505 2787 559 2852 sui
579 2788 714 2873 paginis
737 2788 875 2871 75-78)
894 2787 996 2874 idque
1010 2787 1126 2865 solum,
1143 2787 1173 2851 si
1188 2786 1271 2872 quid

63 2888 101 2951 in
135 2887 310 2952 sententiis
343 2888 514 2973 primariis
547 2888 587 2951 de
620 2909 659 2953 01
684 2909 720 2952 10
742 2888 941 2952 monendum
963 2887 1043 2968 fuit3
1067 2893 1167 2975 atque
1190 2887 1271 2953 adeo

64 2988 150 3052 artis
184 2988 286 3073 spatii
318 2985 442 3053 finibus
475 3009 514 3053 ea
545 3010 624 3074 pars
651 2989 722 3053 eius
744 2989 853 3074 operis
876 2989 1127 3074 circumscripte
1149 2993 1209 3066 est,
1232 2992 1271 3052 ut

64 3110 173 3174 pauca
205 3093 338 3153 tantum
370 3089 406 3152 in
438 3089 666 3176 quaestionem
698 3110 818 3154 uocare
850 3089 985 3153 licuerit
1010 3109 1112 3175 eaque
1134 3089 1270 3153 breuius

64 3210 167 3275 quam
189 3209 249 3274 pro
270 3210 306 3253 re
329 3189 479 3275 expediri
500 3190 604 3254 fuerit
617 3210 759 3255 necesse.
791 3188 843 3253 De
857 3210 923 3253 usu
937 3188 1101 3254 infinitiui
1115 3188 1270 3254 Lucaneo

64 3290 136 3373 egit
167 3288 202 3354 J.
236 3288 389 3355 Schmidt
420 3289 534 3373 (Helie
568 3291 677 3375 1881);
711 3291 754 3355 ad
785 3290 949 3355 rationem
975 3289 1208 3374 grammatices
1231 3289 1271 3352 11-

63 3389 276 3454 lustrandam
304 3410 389 3476 quae
415 3391 629 3475 pertinerent,
652 3412 759 3476 pauca
780 3391 943 3455 tractauit
964 3389 1020 3456 W.
1043 3390 1084 3457 Ε.
1107 3389 1271 3456 Heitland

64 3489 202 3574 Anglus
224 3490 259 3553 in
282 3511 322 3555 ea
342 3490 558 3576 praefatione,
580 3512 681 3579 quam
697 3490 837 3556 editioni
852 3489 1102 3556 Haskinsianae
1117 3492 1161 3574 (a.
1176 3491 1270 3574 1887)

63 3587 313 3675 praefigendam
339 3592 538 3676 composuit3
561 3592 620 3656 ubi
641 3596 814 3677 praeterea
835 3591 875 3655 de
898 3590 976 3656 stilo
999 3596 1033 3656 et
1053 3591 1181 3677 poetico
1202 3589 1271 3654 Lu·

64 3690 162 3756 canei
194 3691 302 3776 operis
335 3691 442 3756 colore
474 3692 599 3777 optime
625 3713 704 3757 sane
726 3692 805 3776 egit,
828 3691 888 3755 uix
909 3696 950 3756 ut
971 3691 1011 3756 de
1033 3713 1072 3756 01
1093 3712 1129 3756 10
1150 3691 1270 3755 melius

64 3790 169 3855 scribi
190 3812 286 3876 posse
307 3792 473 3858 uideatur.

150 3888 193 3955 In
226 3895 322 3955 textu
354 3914 433 3957 uero
460 3894 691 3958 constituendo
714 3893 899 3958 doctissimi
920 3894 987 3957 uiri
1010 3893 1153 3957 maxime
1176 3891 1270 3955 desu-

65 3992 200 4070 darunt,
234 3998 314 4056 sunt
340 3993 428 4057 enim
451 3992 578 4058 codices
600 3999 634 4059 et
654 3993 815 4079 permulti
836 3999 870 4058 et
891 3994 985 4058 uarie
1006 3993 1095 4056 inter
1117 4012 1152 4055 se
1174 3991 1270 4055 dissi-

65 4092 147 4157 dent
179 4097 213 4157 et
245 4092 453 4157 multimodis
486 4099 566 4158 sunt
598 4095 737 4158 correcti
769 4098 803 4158 et
835 4094 1019 4159 minoribus
1046 4092 1271 4157 maioribusue

64 4192 383 4278 interpolationibus
405 4194 554 4279 corrupti
576 4199 635 4259 aut
657 4199 736 4259 sunt
759 4199 818 4258 aut
840 4199 927 4260 certe
949 4214 1019 4259 esse
1033 4193 1201 4258 uidentur.
1230 4189 1271 4256 In
