2850 4666
104 353 294 420 Claudiam
316 350 438 418 XXVI
460 354 521 417 228

720 457 798 516 tnnc
818 453 946 516 sonnio
967 452 1068 533 nnlpo

196 555 343 632 narrari,
366 558 445 618 tnnc
465 556 611 617 monstra
633 553 728 616 dcam
750 555 956 634 monitusque
976 553 1125 617 sinistri:

197 655 281 736 qnid
302 655 501 720 meditentur
521 673 609 732 anm,
631 653 712 735 qnid
733 674 806 718 cnm
828 653 1022 718 mortalibus
1044 652 1154 717 octber

196 755 361 836 fulmineo
382 755 564 836 notitione
587 754 677 834 loqui

198 1107 342 1189 Sepnior
365 1106 503 1187 Oceano,
526 1126 623 1188 qnam
646 1105 698 1170 ten
720 1111 852 1170 aeterno
873 1107 1018 1185 nocebat,

200 1209 364 1290 lactificos
387 1207 488 1272 Titan
509 1227 687 1288 nunqnam
709 1208 816 1287 inopis
837 1208 966 1272 aethera
988 1213 1104 1274 contro

198 1311 268 1391 coit
289 1329 385 1390 canos
406 1329 599 1389 enrsnrnqne
615 1308 696 1388 poto
717 1309 867 1388 rapiente
888 1311 1019 1373 retorsit

200 1403 413 1491 defectusque
421 1411 498 1492 pati
519 1409 627 1473 notnit
647 1413 822 1491 raptaeque
846 1409 970 1473 labores

202 1511 286 1577 tacis
307 1515 337 1576 et
358 1513 498 1575 attraxit
519 1511 628 1588 nabes,
651 1529 718 1573 non
734 1509 860 1590 pabala
881 1511 1032 1592 flaminis,

198 1612 258 1676 sed
279 1633 319 1676 ne
341 1611 527 1676 lbessatico
543 1631 652 1691 pnrns
675 1611 794 1679 taceret
815 1612 853 1673 in
875 1611 958 1676 orbe.

199 1761 376 1829 Francken
408 1785 442 1827 11.
470 1766 488 1827 2
515 1762 639 1827 conicit
672 1760 872 1843 laetisonas,
904 1761 1090 1847 significari
1121 1763 1210 1827 enim
1239 1762 1325 1827 diem

111 1869 194 1930 ante
227 1863 333 1929 aciem
364 1861 605 1942 Pharsalicam,
638 1885 704 1927 uon
736 1863 844 1949 ipsius
870 1884 1012 1948 pugnae,
1039 1885 1117 1927 nam
1138 1883 1325 1948 uesperum,

110 1965 174 2053 qui
196 1963 392 2030 includatur
412 1985 445 2027 u.
468 1965 488 2028 3
510 1964 675 2045 (neman
696 1963 853 2050 aquosa),
876 1961 1055 2027 manifesto
1073 1984 1139 2026 nou
1155 1982 1226 2027 esse
1241 1983 1325 2041 eum,

112 2066 176 2153 qui
198 2069 332 2130 secutus
355 2064 402 2129 sit
422 2086 581 2150 pugnam,
604 2085 682 2129 nam
704 2064 807 2128 solem
829 2084 927 2147 aegre
949 2063 1117 2140 occidisse,
1133 2067 1173 2127 ut
1187 2063 1325 2127 fatalem

113 2167 205 2231 diem
236 2163 402 2245 differret3
436 2165 640 2230 narrationis
672 2185 802 2250 quoque
834 2164 918 2229 serie
951 2163 1038 2227 illud
1069 2163 1215 2249 probari.
1260 2161 1326 2229 Sed

114 2265 299 2331 ridiculum
320 2270 395 2330 erat
414 2270 486 2330 tam
508 2265 618 2351 ample
639 2264 839 2350 turgideque
861 2265 965 2330 uerba
986 2264 1095 2329 facere
1117 2264 1158 2329 de
1180 2264 1244 2342 die,
1260 2284 1326 2350 quo

115 2367 217 2452 plane
249 2365 337 2429 nihil
369 2366 473 2432 fatale
498 2366 626 2431 factum
652 2386 722 2429 esse
747 2364 904 2430 traditur.
947 2363 1077 2429 Deinde
1099 2362 1325 2450 quaerendum

115 2472 175 2545 est,
210 2488 270 2532 cur
300 2467 352 2531 ita
383 2466 565 2532 inducatur
589 2471 731 2551 tempus,
758 2465 847 2550 quod
874 2486 933 2530 neo
955 2487 1030 2530 cum
1052 2465 1326 2530 antecedentibus

113 2566 285 2652 (uersibus
309 2567 392 2632 libri
413 2567 502 2632 sexti
523 2566 654 2631 ultimis
676 2566 716 2629 de
739 2571 850 2630 nocte
871 2567 961 2630 iusto
983 2566 1133 2650 longiore
1154 2566 1259 2630 uerba
1279 2565 1325 2628 fe-

115 2671 208 2734 cerat
228 2669 341 2752 poeta)
363 2672 440 2752 apte
463 2671 654 2732 connectere
675 2665 776 2731 liceat
797 2687 905 2751 neque
927 2665 1042 2731 adres
1063 2665 1116 2730 die
1131 2665 1326 2730 Pharsalico

115 2769 225 2834 factas
257 2767 379 2832 referre
411 2767 588 2853 possimus.
636 2765 747 2832 Solem
780 2787 878 2850 aegre
905 2767 1065 2831 orientem
1087 2766 1324 2831 desideramus.

114 2868 202 2933 Tum
225 2867 425 2932 mouendum
446 2867 583 2932 uidetur
603 2867 703 2931 facile
725 2867 887 2952 explicari
908 2888 1020 2931 rerum
1042 2867 1171 2945 seriem,
1192 2865 1325 2957 qualern

114 2968 254 3055 praebet
288 2967 388 3032 lectio
424 2967 588 3033 codicum:
625 2966 748 3033 Sextus
784 2966 963 3053 Pompeius
999 2972 1094 3032 nocte
1127 2967 1195 3032 diei
1226 2967 1326 3031 fatali

113 3068 266 3155 proxime
299 3067 532 3133 antecedenti1
565 3089 697 3152 magam
730 3067 846 3132 adiens
873 3068 982 3133 fatum
1004 3068 1115 3152 gentis
1138 3067 1326 3154 quaerendo

116 3169 288 3255 comperit.
332 3166 427 3249 Quae
449 3172 703 3234 commemorata
725 3168 773 3234 sic
795 3168 965 3234 concludit
979 3174 1091 3254 poeta:
1111 3168 1204 3231 inssa
1220 3173 1325 3231 tenen·

115 3269 202 3333 diem
225 3269 346 3333 densas
366 3288 432 3332 noa
452 3270 623 3349 praestitit
644 3269 786 3333 nrnbras.
831 3267 918 3332 Tum
940 3291 1019 3333 uero
1042 3269 1085 3334 ad
1106 3268 1218 3354 ipsum
1233 3289 1325 3354 proe-

114 3370 155 3434 lii
175 3369 367 3436 Pharsalici
388 3369 477 3434 diem
498 3371 673 3448 transitur,
696 3389 762 3454 quo
784 3369 965 3455 incipiente
987 3369 1038 3433 sol
1059 3370 1201 3453 segnior,
1225 3389 1325 3454 quam

113 3471 169 3535 lex
191 3474 328 3535 aeterna
349 3474 490 3535 naturae
512 3474 655 3549 uocaret,
679 3475 772 3534 ortus
787 3491 858 3534 esse
874 3469 1008 3548 dicitur,
1024 3490 1065 3533 ne
1080 3491 1183 3555 supra
1197 3472 1325 3533 montes

114 3575 251 3635 exortus
282 3570 357 3634 luce
390 3571 476 3634 sua²
508 3569 683 3656 pugnandi
714 3570 911 3635 facultatem
937 3571 1121 3656 praeberet.
1164 3568 1217 3634 Ea
1239 3589 1326 3654 quae

115 3674 304 3758 sequuntur
336 3676 370 3734 et
402 3670 477 3756 ipsa
510 3670 658 3755 amplum
684 3671 789 3735 totius
812 3669 879 3734 diei
900 3670 1017 3735 fatalis
1040 3669 1214 3734 exordium
1236 3675 1325 3732 sunt.

114 3767 246 3835 Ominis
268 3769 378 3835 instar
398 3775 496 3835 erant
517 3791 609 3835 mora
631 3769 711 3834 solis
734 3775 768 3834 et
789 3770 928 3834 nubium
950 3771 1099 3848 umbrae,
1114 3769 1237 3855 quibus
1251 3790 1325 3854 por-

168 3908 317 3917 ...-—--

200 3990 210 4021 ¹
228 3989 275 4041 011·
298 4005 336 4054 ea,
358 4004 425 4054 quae
446 3991 577 4042 Samuelis
595 3990 641 4041 lib.
660 3989 674 4041 I
691 4005 747 4055 cap.
767 3987 800 4040 28
817 3990 958 4043 traduntur
975 3991 1006 4042 de
1024 3991 1104 4043 Saulo
1121 4005 1223 4052 magam
1240 3989 1326 4039 Endo-

114 4072 217 4109 rcuscm
233 4059 393 4109 consulente.

199 4121 389 4192 ’Incctificns
406 4139 485 4176 sensu
502 4125 635 4176 consimili
652 4124 684 4175 de
701 4126 756 4174 sole
773 4125 871 4175 oriente
889 4124 1028 4177 adhibetur
1044 4123 1103 4176 Seu.
1117 4123 1207 4189 Oedip.
1219 4120 1248 4175 8:
1265 4124 1325 4193 Vah

112 4193 202 4244 Flacc.
219 4191 315 4256 Argon.
333 4193 376 4243 III
394 4189 451 4243 292.
1284 4207 1286 4211 ’
