2836 4672
146 186 211 249 204

105 349 197 419 VIII
219 354 280 417 771

189 470 314 533 intereo
329 487 437 548 panno
458 469 626 549 sipnenons
650 467 761 532 littora
782 486 869 546 37777,

189 573 227 633 77
248 573 324 632 7777
345 570 391 632 377
412 568 499 633 777377

188 751 236 837 Μ1
253 754 291 838 Zl
318 752 411 817 litore
434 801 490 818 ...
512 772 601 819 3777.
644 751 823 818 Francken
844 751 931 837 legit
943 771 1087 832 pnrnom
1106 753 1159 831 (<
1178 751 1287 838 *parub

104 873 130 920 3.
165 853 273 918 littore
304 872 429 919 3777777.
477 851 594 919 Littus
627 853 762 936 signare
789 875 855 917 uno
880 851 994 938 lapide
1007 853 1169 939 ineptum
1190 873 1251 917 esse
1265 854 1288 915 et
1330 904 1333 935 ⁵

105 977 138 1020 u.
170 955 303 1035 3797777
335 953 425 1018 idem
451 953 541 1040 quod
567 952 820 1037 distinguere
841 953 955 1018 ualere
976 953 1153 1018 insolitum
1175 973 1237 1018 esse
1255 951 1288 1016 ait
1331 940 1333 985 ³

104 1053 163 1120 Fr.
208 1053 245 1120 Si
272 1054 364 1118 ullus
391 1054 525 1118 omnino
551 1054 588 1117 in
614 1053 756 1119 lectione
777 1051 970 1118 Franckeni
992 1073 1109 1118 sensns
1131 1052 1186 1118 hie
1205 1052 1288 1118 inesse
1328 1014 1333 1133 i

107 1155 204 1221 debet
226 1152 382 1232 Cordum,
404 1159 445 1219 ut
466 1175 584 1219 saxum
607 1151 753 1239 sepulcri
774 1158 891 1239 postea
909 1153 1079 1240 repperire
1098 1151 1176 1218 sibi
1190 1154 1288 1228 liceret
1330 1152 1333 1207 ἑ

104 1255 232 1320 littoris
265 1255 369 1320 sitnm
401 1258 543 1319 notasse.
598 1251 664 1319 Sed
697 1252 840 1319 odiorum
873 1275 975 1319 eausa
1007 1251 1143 1337 signum
1171 1252 1289 1319 Cordum
1330 1234 1333 1313 ἶ

106 1354 258 1440 posuisse
281 1375 299 1418 e
320 1353 475 1419 uersibus
497 1357 557 1418 772
581 1375 652 1441 sqq.
676 1359 825 1440 apparet.
869 1353 1026 1419 Ceterum
1048 1353 1189 1419 obseura
1208 1357 1288 1428 noete,

106 1476 174 1541 qua
195 1454 296 1519 ›lueis
318 1459 446 1519 maesta
467 1475 587 1540 parum
608 1474 669 1540 per
692 1454 811 1520 densas
826 1452 977 1540 Cynthia
991 1453 1097 1519 nubes
1111 1453 1288 1539 praebebat»,

105 1555 165 1642 qui
185 1552 285 1619 licuit
305 1554 420 1619 littore
441 1553 541 1639 plane
563 1553 678 1639 ignoto
701 1559 818 1620 notare
840 1553 978 1620 saxum?
1006 1553 1126 1620 Potius
1141 1575 1216 1620 uero
1229 1572 1288 1618 saxo

106 1676 123 1720 e
156 1654 226 1719 solo
259 1675 397 1719 arenoso
431 1659 583 1719 exstante
615 1654 715 1719 littus
748 1655 884 1740 signare
910 1655 1032 1740 potuit.
1077 1653 1139 1720 cer
1160 1671 1288 1740 eaquae

104 1755 219 1842 paullo
241 1753 334 1821 infra
356 1754 524 1834 dicuntur,
988 1748 991 1753 ’

104 1877 160 1921 nu.
185 1857 246 1921 790
268 1876 341 1942 sqq.

548 1975 625 2020 sono
649 1956 836 2036 compressit
857 1954 1021 2035 baronem,

188 2060 353 2138 nantoqne
375 2077 415 2119 ne
438 2057 567 2121 7737777
588 2056 726 2137 77779777
748 2055 828 2137 fnne
849 2060 999 2135 moneret,

188 2158 360 2237 inscripsit
381 2177 510 2221 3777777
531 2161 670 2221 37777377
692 2157 804 2237 37777777
826 2176 958 2221 nonen:

189 2257 254 2321 ’7777
274 2259 359 2322 37773
381 2263 428 2322 737
449 2257 618 2339 77779773.
1331 2304 1333 2341 ,

188 2357 329 2439 8797777
352 2379 399 2438 37,
419 2359 479 2444 qui
498 2358 553 2425 hie
567 2358 761 2444 requiritur,
777 2378 877 2423 sensu
892 2356 1045 2423 adhiberi
1060 2379 1081 2423 a
1095 2358 1200 2444 poetis
1213 2371 1288 2440 saepe
1329 2344 1333 2439 Ι

105 2458 256 2540 uidetur3
279 2459 375 2525 uelut
395 2458 522 2525 Lucan.
544 2457 584 2525 II
607 2458 682 2540 645;

104 2556 233 2624 Lucan.
255 2558 289 2625 V
311 2561 372 2625 390
394 2560 467 2645 (ubi
490 2581 556 2624 non
580 2559 722 2638 deloco,
746 2558 803 2624 sed
826 2558 866 2623 de
887 2562 1036 2644 tempore
1059 2559 1186 2645 agitur)

548 2661 699 2742 sionnnit
721 2662 864 2740 temporo
887 2658 990 2741 777977

188 2764 310 2824 moesto
332 2764 408 2824 noto

104 2859 176 2926 VII
196 2862 260 2925 410
281 2861 368 2946 (sine
391 2859 556 2942 ablatiu03
579 2861 636 2926 sed
652 2881 792 2947 sequeus
808 2860 940 2938 7737777,
956 2861 1016 2948 qni
1031 2883 1147 2928 sensus
1161 2861 1196 2926 in
1208 2853 1288 2924 uerbo

103 2961 237 3041 sipnore
258 2959 350 3039 insit,
373 2962 476 3047 probe
498 2960 641 3046 indicat)

189 3065 331 3142 temporo
353 3063 503 3143 sipnonit
526 3062 686 3126 teniornno
706 3061 812 3126 Romo
833 3060 1003 3141 malornm,

188 3161 275 3226 17777
296 3161 405 3226 777777
426 3164 549 3227 nescire
572 3162 667 3227 77777.

104 3259 165 3328 Sil„
189 3262 268 3328 Ital.
290 3261 375 3328 Pun.
397 3261 492 3329 XIII
513 3265 574 3328 397

638 3362 696 3427 nbi
715 3365 829 3445 379777
850 3362 983 3427 Anerni

186 3463 388 3546 squalentem
410 3465 583 3529 7777777777
604 3468 762 3544 37797773
784 3463 986 3530 Aebernsins
1008 3462 1133 3529 bnmor.

103 3563 191 3631 Stat.
214 3563 317 3629 Theb.
339 3562 392 3631 IV
415 3567 476 3629 763

438 3684 558 3746 naono
582 3666 674 3730 77773
695 3665 883 3746 3797777777
904 3684 972 3730 oro.

102 3766 148 3830 id.
171 3764 223 3833 VI
246 3767 306 3832 681

437 3865 505 3946 ino
526 3868 679 3949 sipnntnr
701 3872 788 3932 77777
809 3868 942 3948 3797777.

102 3966 251 4032 Martini.
274 3967 393 4053 Epigr.
416 3966 520 4033 It111
543 3971 560 4032 l

186 4087 253 4132 777
276 4072 322 4131 737
344 4070 381 4132 77
403 4069 526 4132 nostris
548 4073 613 4148 tna,
636 4067 825 4148 Fidentine,
850 4067 972 4133 77777773

181 4169 321 4249 popina,
343 4169 401 4232 sed
424 4172 509 4233 eerto
531 4169 657 4233 domini
678 4171 811 4251 siponto
831 4169 941 4251 7797777
