2850 4666
1171 163 1231 228 115

59 332 182 416 igitur,
215 332 304 418 quod
336 337 388 398 est
419 330 570 408 Isthmos,
603 352 663 417 pro
697 330 846 395 subiecto
872 330 977 396 habeo
1003 330 1098 396 uerbi
1123 330 1273 412 fraupat.

59 431 180 499 Aliter
206 434 295 499 enim
321 434 393 499 sine
419 432 521 498 narbo
546 433 694 517 positum
716 436 804 497 esset
824 429 985 509 Isthmum
1009 435 1083 496 tum
1105 452 1184 497 uero
1205 431 1274 496 uir·

59 533 180 618 gulam
201 538 336 600 tantum
358 539 436 599 ante
458 532 602 615 qualiter
623 553 744 618 ponere
766 532 949 618 oportebat.
993 530 1057 611 Ea,
1079 554 1180 619 qnam
1199 553 1274 618 pro·

60 635 171 721 posui,
205 635 452 721 interpretandi
483 635 570 700 ratio
603 634 675 698 loco
701 632 762 697 iilo
789 631 1002 718 anthologiae
1024 633 1116 698 haud
1136 632 1275 698 obscure

60 735 289 801 commendari
320 735 466 800 uidetur.
513 733 602 800 Item
634 733 823 821 Papiniano
849 733 909 798 iilo
931 733 1012 812 loco,
1035 754 1133 820 quem
1155 732 1276 798 attulit

59 833 226 915 Haskins‚
250 833 334 902 Situ.
357 835 409 902 lv
431 853 474 901 111
496 837 536 902 59
559 857 597 922 sq
619 835 670 899 tis
685 855 831 916 paruus,
854 834 923 899 uisi
945 834 1065 899 aticiae
1085 839 1245 912 astarent,
1267 835 1272 920 1

60 935 169 1000 Imaus
200 935 290 1016 freta
322 937 507 1003 miscuisset
538 936 694 1002 Isthmos,
743 935 954 1002 Postremum
987 936 1102 1019 magni
1133 936 1275 1000 interest

59 1038 269 1122 cognouisse,
303 1058 448 1123 quonam
480 1038 575 1102 modo
601 1037 771 1124 particula
792 1037 854 1102 iila
876 1036 1021 1118 qualiter
1041 1034 1199 1100 Lucanus
1219 1035 1275 1100 uti

60 1137 179 1203 soleat.
227 1137 339 1224 Atqui
370 1143 504 1224 praeter
535 1137 624 1204 hunc
650 1138 760 1203 locum
782 1137 884 1203 semol
904 1141 1039 1203 tantum
1060 1136 1147 1202 hanc
1168 1135 1273 1222 parti·

60 1238 175 1303 culam
201 1237 303 1303 habet
328 1237 496 1317 Lucanus,
522 1238 542 1304 I
565 1240 626 1303 150
648 1261 720 1326 sqq,
743 1260 809 1326 quo
829 1238 901 1303 loco
923 1259 989 1302 non
1012 1237 1156 1303 multum
1178 1237 1273 1301 iuua-

60 1361 148 1404 mur.
192 1336 258 1405 Sed
281 1339 331 1404 cfr
352 1338 465 1421 quatis
487 1390 543 1405 ...
566 1340 614 1405 sic
635 1338 655 1405 I
676 1341 853 1406 498-504.
886 1337 938 1404 Dc
957 1338 1097 1403 tectione
1113 1338 1274 1416 sodium,

60 1460 150 1528 quae
172 1444 223 1505 cst
245 1440 390 1521 couferre
410 1440 541 1522 fretam,
564 1441 661 1507 ouius
682 1441 755 1506 loco
776 1438 953 1506 Francken
973 1440 1087 1525 posuit
1104 1437 1274 1504 Bentleia·

60 1562 152 1619 nam,
189 1539 334 1620 conferre
369 1541 522 1623 pradum,
561 1540 760 1606 defendendi
792 1561 894 1606 causa
926 1540 1051 1626 optimo
1084 1539 1275 1626 disputauit

59 1639 119 1708 w.
142 1640 184 1708 u.
207 1639 372 1708 Herone
394 1639 480 1708 cin
498 1639 553 1708 xi
574 1643 687 1727 (1891)
709 1657 732 1706 1.

147 1977 349 2043 credidimus
369 1978 462 2059 fatis,
485 1978 641 2042 utendum
664 1983 711 2041 est
732 1977 841 2041 iudice
864 1975 955 2042 betto.

148 2078 196 2142 sic
218 2077 309 2158 fatus
330 2079 438 2144 uectis
461 2078 599 2143 teaebris
621 2079 714 2159 rapit
736 2078 873 2160 apmiua
895 2077 1013 2141 ductor

147 2179 304 2260 impiyem·
324 2180 352 2243 it
375 2185 456 2244 torto
478 2179 641 2245 Balearis
662 2180 792 2244 uerbere
813 2177 939 2258 fundae

148 2280 238 2343 ocior
258 2285 289 2344 et
310 2282 414 2345 missa
435 2280 558 2347 Partiri
573 2285 652 2361 post
675 2286 769 2361 torpa
790 2280 919 2361 sagitta

147 2380 358 2462 uiciuumque
379 2382 497 2445 miuaa
518 2381 654 2446 iuuadit
674 2381 877 2458 Ariminum,
900 2386 935 2444 et
953 2379 1046 2462 ipses

146 2480 229 2547 sotis
253 2482 387 2562 lucifero
409 2482 583 2564 fuyiebaut
605 2487 700 2546 astra
721 2480 842 2546 reticio.

146 2649 213 2716 Pro
234 2651 384 2716 codicum
406 2656 437 2715 et
458 2652 505 2735 (u.
528 2653 604 2736 231)
626 2649 803 2715 Francken
825 2651 974 2736 positum
996 2649 1073 2714 uult
1093 2653 1131 2713 at
1149 2670 1170 2713 a
1189 2645 1272 2714 Gro-

59 2753 111 2818 tio
144 2757 241 2817 acute
273 2757 451 2838 repertum.
499 2750 651 2817 Haskins
677 2750 812 2817 Weiseo
839 2750 1045 2836 astipulatus
1070 2747 1273 2835 particulam

61 2853 197 2918 omnino
226 2851 409 2917 eiciendum
434 2858 529 2918 ratus
554 2874 613 2938 pro
636 2851 829 2916 Arimiuum
850 2851 947 2937 ponit
967 2850 1160 2927 Ariminum·
1190 2853 1274 2915 tunc

60 2953 161 3040 plene
186 2953 408 3039 interpungit.
452 2951 579 3018 Hosius
605 2974 685 3017 uero
711 2958 741 3016 et
763 2952 906 3017 retinuit
926 2951 1029 3037 idque
1050 2950 1180 3028 merito,
1202 2949 1272 3035 opi·

60 3075 132 3119 nor.
176 3051 266 3137 Nam
293 3059 424 3119 constat
449 3058 564 3139 poetas
590 3053 817 3119 Romanorum
840 3053 950 3138 epicos
972 3050 1034 3117 hoc
1055 3050 1157 3116 uerbo
1179 3055 1210 3113 et
1230 3087 1273 3098 —

62 3153 191 3219 additis
217 3152 352 3240 quidem
379 3154 573 3240 saepissima
599 3153 780 3232 aduerbiis,
804 3153 920 3240 qualia
942 3158 1022 3218 sunt
1042 3153 1179 3230 interea,
1202 3151 1273 3214 iam

61 3292 103 3305 -
124 3254 295 3320 interdum
321 3254 477 3319 inducero
503 3255 740 3333 narrationem,
766 3276 833 3342 qua
859 3255 957 3340 qnasi
984 3253 1213 3340 depinguntur
1238 3255 1273 3316 et

62 3355 125 3420 sub
148 3354 260 3419 oculos
282 3354 495 3420 subiciuntur
517 3375 564 3433 ea,
587 3376 681 3442 quse,
705 3354 785 3419 dum
807 3355 922 3439 magni
943 3354 1103 3419 momenti
1124 3373 1194 3417 rem
1210 3349 1271 3415 ali·

61 3476 163 3543 quam
184 3460 307 3539 gerunt
328 3453 478 3521 homines
499 3455 555 3519 uei
577 3455 681 3521 uerba
702 3457 848 3521 fatorum
867 3454 967 3541 plena
987 3454 1113 3532 dicunt,
1128 3454 1165 3517 in
1180 3450 1271 3516 caelo

61 3554 137 3622 fieri
157 3554 347 3621 uideantur.
392 3553 453 3620 cfr
473 3555 575 3639 Verg.
598 3555 684 3622 Aen.
707 3554 741 3620 X
762 3558 825 3621 254
846 3577 908 3642 sqq
930 3559 966 3617 tu
987 3553 1071 3618 miti
1085 3573 1172 3617 uuuc
1183 3570 1271 3632 puy·

60 3676 125 3721 uae
142 3656 311 3737 priuceps,
334 3661 370 3720 tm
384 3657 447 3719 rite
456 3657 662 3738 propinques
681 3658 685 3741 1
705 3657 883 3738 empurium
898 3654 1149 3738 Pbrypibusque
1164 3653 1270 3730 adsis,

54 3757 151 3838 pede,
180 3755 272 3836 diua,
298 3757 448 3822 secundo.
472 3761 478 3839 Ι
498 3761 628 3821 tautum
654 3758 783 3838 effatus.
827 3762 857 3820 et
878 3758 1006 3820 interea
1028 3756 1177 3820 reuoluta
1198 3774 1269 3816 rue-

60 3860 117 3925 bat
136 3860 141 3944 Ι
161 3863 292 3924 matura
313 3858 384 3922 iam
407 3858 476 3922 tuce
499 3858 569 3922 dies
591 3863 776 3939 auctamque
797 3856 943 3939 fuqarat.
980 3857 1054 3923 Hoc
1072 3854 1270 3939 Vergiliano

59 3959 131 4026 loco
155 3959 226 4024 dios
247 3959 368 4044 fugata
389 3964 485 4024 nocte
500 3960 652 4025 exoriens
668 3960 811 4025 salutem
826 3958 917 4023 haud
932 3959 1069 4023 obscuro
1084 3954 1269 4042 portendit;

60 4062 142 4127 item
174 4059 330 4127 Lucaneo
363 4059 521 4127 hocloco
548 4065 640 4125 astra
661 4061 777 4125 relicto
798 4059 955 4125 Lucifero
977 4058 1145 4143 fugientia
1167 4055 1270 4120 sotem

60 4160 257 4248 portendere
290 4162 418 4227 exitum
450 4161 532 4228 belii
558 4161 671 4226 ciuilis
698 4161 858 4225 instantis
885 4163 1034 4245 apparet.
1077 4156 1192 4244 Atque
1215 4154 1270 4221 hic
