2836 4672
428 964 489 1036 111.
546 936 802 1056 symbolae
830 956 1116 1056 exegeticae.

252 1191 398 1257 Textum
426 1190 578 1256 Lucanei
603 1190 713 1276 operis
740 1193 934 1255 tractaturo
957 1187 1048 1256 locos
1069 1188 1253 1256 nonnullos
1273 1188 1359 1255 inter·

168 1291 323 1381 pretendi
354 1312 393 1356 ac
427 1289 655 1356 constituendi
687 1311 789 1354 causa
822 1289 997 1357 fatendum
1029 1288 1114 1354 mihi
1141 1294 1194 1356 est
1221 1311 1243 1354 a
1267 1288 1360 1356 doctis

167 1393 253 1459 uiris
275 1389 481 1457 laudabilem
504 1413 584 1456 sane
606 1411 740 1478 operam
761 1395 924 1455 nauatam
946 1411 1028 1456 esse.
1065 1389 1265 1478 Cuicumque
1284 1387 1362 1456 cordi

167 1496 236 1559 erit
262 1513 468 1577 cognoscere,
497 1496 662 1578 quantum
689 1490 743 1556 his
770 1489 1021 1578 quinquaginta
1047 1491 1147 1556 annis
1168 1490 1249 1558 inde
1270 1492 1311 1557 ab
1331 1489 1361 1556 G.

169 1593 367 1660 Steinharto
389 1591 625 1678 praestiterint
647 1591 817 1657 codicibus
839 1592 877 1657 in
897 1590 1008 1657 luoem
1029 1590 1173 1679 prolatis
1194 1596 1231 1657 et
1246 1592 1282 1657 in
1297 1591 1362 1656 stir-

168 1718 226 1782 pes
262 1715 341 1758 suas
378 1692 529 1778 digestis,
567 1693 694 1779 optimo
726 1714 858 1779 quoque
891 1691 1042 1758 codicum
1075 1691 1364 1759 dissertationibus

169 1795 362 1881 libellisque
388 1792 534 1880 propriis
560 1797 717 1871 tractato,
743 1796 842 1858 textu
868 1792 976 1858 omnis
1002 1792 1153 1858 Lucanei
1180 1794 1290 1879 operis
1315 1796 1364 1857 ant

168 1896 380 1982 singulorum
413 1893 577 1958 librorum
610 1893 709 1973 edito,
744 1892 992 1958 commentariis
1024 1894 1137 1958 textui
1164 1893 1295 1958 additis
1320 1891 1365 1957 uel

167 1993 456 2082 interpretatoriis
484 1995 540 2059 uel
567 1995 705 2073 criticis,
728 1993 863 2059 Lucani
884 1993 1036 2059 fontibus
1058 1998 1093 2059 et
1114 1993 1181 2059 fide
1203 1993 1366 2082 quaesitis,

168 2095 390 2186 philosophia,
417 2095 549 2160 ratione
577 2094 737 2160 carminis
759 2094 985 2180 componendi,
1008 2095 1117 2161 colore
1139 2095 1281 2183 poetico,
1303 2099 1367 2161 arte

168 2198 309 2264 metrica
331 2194 528 2274 illustratis,
548 2195 578 2261 is
597 2193 759 2282 inspiciat
774 2216 822 2273 ea,
839 2216 924 2281 quae
938 2195 974 2258 in
989 2194 1201 2282 praefatione
1216 2194 1367 2264 editionis

168 2300 347 2386 utriusque
374 2299 480 2382 (1892,
506 2297 600 2380 1905)
627 2294 766 2381 collegit
792 2295 828 2361 C.
851 2294 988 2375 Hosius,
1012 2295 1048 2361 C.
1070 2296 1116 2362 M.
1139 2295 1320 2363 Francken
1338 2296 1368 2360 in

168 2398 379 2485 praefatione
401 2399 473 2463 eius
497 2394 666 2475 editionis
690 2396 786 2461 cuius
809 2395 956 2485 priorem
977 2400 1108 2484 partem
1122 2396 1260 2482 prodire
1274 2397 1369 2463 iussit

170 2503 261 2579 1896,
289 2497 433 2564 alteram
461 2500 541 2564 ,1897
546 2549 552 2562 .
596 2496 662 2562 Η11
684 2496 814 2582 uiginti
836 2496 934 2563 annis
956 2499 1068 2563 totum
1089 2497 1287 2564 Lucanaum
1308 2520 1369 2564 111-

168 2622 244 2665 men
266 2597 375 2665 edidit
397 2620 426 2663 1.
451 2599 531 2664 1887
556 2597 592 2664 C.
615 2597 655 2662 Ε.
678 2595 841 2676 Haslrins,
861 2596 1008 2683 Anglus,
1024 2597 1085 2684 qui
1099 2602 1216 2664 tamen
1232 2598 1370 2666 editione

168 2699 364 2766 Weiseiana
383 2704 427 2785 (a.
446 2702 541 2785 1835)
556 2703 652 2763 totus
667 2699 761 2763 nisus
776 2698 1012 2764 commentario
1027 2720 1128 2785 quam
1143 2703 1244 2765 textu
1259 2698 1370 2767 emisso

170 2802 209 2865 cle
232 2801 368 2866 Lucano
390 2799 512 2865 melius
535 2803 587 2864 est
602 2796 754 2865 meritus,
785 2798 974 2865 Steinharti
988 2798 1157 2886 imprimis
1172 2799 1283 2888 copiis
1297 2820 1370 2866 usus

169 2903 364 2966 liucaneum
391 2922 473 2986 opus
500 2899 607 2966 edidit
630 2899 666 2966 C.
689 2898 815 2965 Hosius
837 2898 1115 2966 Monasteriensis
1138 2900 1371 2980 1892,1111111

171 3005 261 3067 1905.
306 3000 341 3068 Ο.
364 3002 409 3066 M.
432 3001 610 3067 Francken
631 3002 786 3067 Batauus
808 3000 907 3065 annis
931 3002 1011 3065 1896
1034 3005 1069 3065 11
1092 3003 1173 3066 1897
1194 2999 1371 3067 editionem

170 3102 304 3189 prodire
336 3102 438 3167 iussit
471 3122 611 3190 eamque
643 3124 719 3167 oum
744 3102 982 3167 commentario
1008 3099 1125 3167 critico
1152 3103 1370 3169 coniunctam.

169 3206 286 3291 Atque
308 3202 434 3268 Hosius
457 3203 602 3291 quidem,
625 3202 680 3268 cui
701 3201 811 3287 magis
830 3200 961 3267 arridet
975 3200 1108 3267 tradita
1122 3222 1260 3268 seruare
1276 3223 1370 3290 quan

170 3305 353 3382 emendare,
376 3303 412 3366 in
433 3303 644 3391 praefatione
666 3303 825 3369 editionis
847 3301 990 3368 alterius
1011 3306 1057 3388 (p.
1080 3304 1166 3388 nvn)
1185 3301 1228 3369 de
1246 3304 1371 3368 ratione

170 3405 279 3491 operis
302 3404 450 3470 Lucanai
473 3403 592 3470 edendi
614 3403 663 3469 sic
685 3402 878 3490 profitetur:
902 3430 924 3466 2.
942 3454 949 3468 .
967 3453 997 3468 ..
1021 3425 1127 3490 neque
1148 3401 1186 3467 in
1201 3404 1370 3490 scriptore,

169 3526 234 3591 quo
260 3525 384 3592 paucos
410 3505 566 3570 inuenies
593 3503 788 3570 melioribus
814 3504 1016 3569 membranis
1038 3502 1197 3582 traditos
1221 3525 1243 3570 1
1265 3501 1371 3570 studio

170 3604 272 3671 uerba
305 3604 454 3671 codicum
487 3605 634 3684 tutandi,
661 3604 771 3692 quoad
796 3603 871 3669 fieri
897 3609 1019 3692 potest,
1042 3605 1176 3670 animus
1198 3602 1300 3672 hodie
1321 3604 1370 3670 ab

170 3707 309 3772 horret.»
362 3705 406 3771 ln
438 3706 545 3771 altera
578 3703 724 3771 editione
752 3705 876 3770 Hosius
902 3705 1075 3771 veteribus
1103 3704 1278 3772 codicibus
1301 3702 1370 3771 dili·

171 3806 308 3888 gentius
330 3807 492 3892 inspeetis
513 3811 548 3871 et
563 3805 697 3872 collatis
717 3807 813 3871 nouis
829 3806 1030 3872 membranis
1045 3803 1197 3872 inuentis
1211 3804 1370 3872 iudicium

169 3912 270 3972 antea
303 3908 343 3973 de
375 3906 527 3971 codicum
559 3904 649 3972 inter
674 3928 709 3971 se
734 3905 904 3972 affinitate
925 3907 1037 3971 latum
1058 3905 1210 3972 mutauit
1233 3909 1271 3972 et
1291 3923 1370 3972 nono

171 4012 347 4073 stemmate
370 4005 572 4071 affinitatem
588 4005 792 4086 illustrauit,
807 4005 867 4071 sed
881 4027 1004 4092 paucos
1019 4011 1155 4071 tantum
1169 4007 1261 4074 locos
1276 4007 1371 4073 aliter

171 4107 362 4173 constituit.
406 4105 603 4173 Franckeno
629 4129 709 4172 uero
734 4129 801 4172 non
827 4107 912 4172 satis
939 4106 1009 4171 fuit
1031 4105 1289 4192 diplomaticam
1309 4104 1370 4174 effi-
