2836 4672
1148 175 1207 237 141

79 337 247 404 bitremur
269 339 412 403 duarum
435 342 680 402 structurarum
702 336 1029 416 contaminationem,
1047 339 1119 404 dico
1134 338 1251 405 finitae

94 438 313 504 indefinitae?
355 437 461 504 Velut
482 459 598 522 graece
620 443 696 523 post
717 437 829 517 uerba,
853 439 970 525 qualia
991 445 1072 503 sunt

124 590 162 654 11
182 607 226 654 oo
239 592 317 653 'recu

79 730 142 773 ocr.
159 612 275 772 ίἰθὸηΑ
297 709 460 791 προσήκει
482 719 555 788 τοῖς
574 708 641 787 μὲν
663 706 784 788 ἄλλοις
807 757 863 771 ...
886 710 1052 792 στέργειν,
1076 710 1117 772 σὲ
1139 707 1180 772 ὁὲ

124 810 277 889 νομίζειν
301 858 307 872 .
325 856 357 870 ..

125 959 175 1022 ’E
195 977 284 1023 eurr:

79 960 197 1162 hucytie.
220 1074 274 1141 IV
295 1094 340 1140 xx
362 1076 475 1158 ἔξεστι
496 1077 574 1156 ὑμῖν
596 1076 720 1159 φίλους
737 1076 903 1160 γενέσθαι

124 1244 247 1309 Latine
270 1243 332 1308 hcc
354 1265 418 1308 usu
440 1244 534 1308 uenit
556 1242 723 1330 imprimis
745 1241 782 1307 in
804 1243 914 1322 uerbo,
937 1244 1027 1331 quod
1048 1248 1099 1308 est

125 1378 221 1443 Licet
234 1379 270 1441 *s

79 1497 111 1560 ic.
134 1494 200 1561 Pro
222 1495 330 1561 Balbo
353 1497 393 1560 29
415 1495 446 1559 si
466 1494 533 1559 ciui
555 1494 707 1559 Romano
731 1493 805 1560 lieet
826 1513 893 1559 esse
916 1494 1130 1574 Gaditanam,
1240 1476 1242 1480 ¹

79 1596 112 1660 ic.
135 1594 245 1682 Epist.
271 1597 314 1662 ad
335 1595 411 1662 Att.
434 1595 487 1662 IV
507 1613 581 1661 xvn

79 1718 136 1762 aes.
160 1697 199 1761 Β.
224 1696 261 1762 C.
283 1696 341 1762 HI
363 1715 377 1762 1
398 1698 429 1760 ic
452 1696 537 1760 enim
559 1700 630 1760 erat
650 1714 768 1774 annus,
789 1715 851 1777 quo
860 1716 926 1776 per
943 1694 1025 1778 leues
1039 1697 1070 1761 ei
1085 1695 1251 1761 consulem

126 1799 203 1876 fieri
227 1798 345 1862 liceret.

79 1899 142 1963 uid.
166 1898 305 1963 Heroid.
327 1897 413 1964 XIV
435 1901 477 1964 64
499 1949 555 1963 ...
579 1897 662 1962 mite
684 1918 750 1963 oon
774 1897 848 1962 lieet
869 1897 1048 1978 europiam
1071 1948 1103 1963 ..
1128 1949 1135 1962 .

79 2000 187 2064 uintil,
210 1999 295 2064 Inst.
319 1997 413 2066 Orat,
436 1998 489 2065 IV
510 2017 547 2064 1v
569 2001 856 2078 torocuratorem
879 1997 939 2062 tibi
962 2018 1118 2063 essenon
1142 1998 1216 2063 lieet

125 2149 196 2215 Do:

81 2273 161 2333 orat.
186 2267 257 2333 Sat.
280 2267 298 2331 Ι
320 2286 357 2332 1v
379 2270 418 2334 39

120 2369 270 2448 primum
292 2389 349 2451 eqo
371 2389 421 2432 me
442 2368 586 2446 illoram,
610 2368 754 2433 dederim
777 2367 895 2450 quibas
916 2388 983 2433 esse
999 2372 1127 2448 poetas,

126 2489 299 2551 excerpam
322 2489 467 2534 cremera.
1124 2496 1126 2499 ’

126 2568 170 2634 Η.
192 2569 215 2634 l.
240 2569 280 2634 do
299 2602 334 2624 =
353 2569 507 2650 συνθοίνῳ
530 2569 580 2635 cfr
601 2569 720 2635 Horat.
743 2569 813 2636 Sat.
836 2569 855 2634 I
873 2589 896 2634 x
911 2571 940 2634 5.
971 2567 1031 2634 Cfr
1046 2574 1151 2648 notas,
1167 2590 1251 2655 quas

79 2691 201 2755 rueger
223 2675 257 2735 ct
278 2669 455 2755 Kiessling
475 2668 555 2735 huic
575 2669 646 2735 loco
669 2670 898 2736 subdiderunt.

79 2809 144 2872 erg.
168 2785 255 2852 Aen.
277 2786 312 2850 X
334 2789 396 2852 234

313 2887 396 2952 hone
417 2888 565 2970 ueretris
585 2887 704 2968 faeiem
726 2889 885 2952 miserata
906 2887 1017 2968 refecit

127 2993 157 3052 et
179 2988 271 3052 dedit
292 3009 359 3052 esse
382 2989 462 3053 deas
484 3009 662 3070 aeremque
683 2989 813 3071 uyitare
834 2989 894 3054 aab
917 2989 1025 3054 undu.

79 3089 120 3154 al.
143 3088 254 3154 Flacc.
278 3087 406 3174 Argon.
428 3089 549 3158 11225

447 3190 528 3254 odeo
551 3190 695 3273 iaceatis
715 3190 852 3254 caiaziae
876 3190 985 3256 uideri

128 3290 208 3354 dieu
232 3290 335 3354 debat

127 3440 285 3505 Prodest:

79 3581 126 3625 uc.
149 3558 188 3625 H
210 3561 272 3625 256

649 3659 729 3741 quid
751 3663 798 3723 tot
820 3658 943 3724 durare
959 3678 1022 3738 per
1044 3675 1148 3722 aanor

123 3760 256 3842 profuit
277 3760 454 3826 immanem
477 3761 623 3841 correpti
644 3760 793 3825 moribus
816 3761 914 3825 aeui?

128 3861 187 3926 hoe
208 3861 317 3926 solum
340 3861 454 3943 leoque
471 3862 618 3944 pretium
642 3862 779 3926 uirtutis
799 3859 958 3927 hebebis?

130 4049 229 4101 *vica
256 4048 404 4100 Obcrmeicr
429 4050 446 4099 l.
465 4050 484 4100 1.
507 4065 531 4114 p.
553 4047 594 4100 44.
633 4050 732 4114 Emory
752 4050 782 4100 B.
805 4050 887 4100 Laese
908 4048 1050 4099 Woelfflini
1072 4045 1151 4098 Arch.
1174 4047 1215 4098 XI
1237 4043 1253 4096 2
1386 4034 1388 4038 ’

79 4137 88 4165 »-
110 4113 127 4167 7
149 4131 187 4182 sq.
214 4113 282 4168 lieet
307 4115 415 4167 uerbum
441 4118 579 4177 tractuum
606 4118 653 4180 qui
675 4116 778 4166 diuersa
799 4120 825 4167 ct
843 4118 939 4181 partim
957 4117 1008 4165 huc
1026 4129 1076 4166 non
1094 4114 1252 4178 pertinentia

79 4183 182 4246 uaginae
198 4183 311 4235 uidetur.
