2836 4672
1185 201 1223 262 77

52 365 165 429 secuta
184 368 315 447 tenent,
336 367 340 450 Ι
360 366 481 430 uolnus
493 364 610 429 tabent
618 365 752 444 popum
767 415 776 429 .
792 415 798 430 .
817 416 824 429 .
841 403 881 413 —
895 365 1065 450 Postgate,
1080 370 1120 430 ut
1134 370 1266 452 tempus

55 466 213 553 explicet,
247 466 366 530 habent
390 487 547 553 praesens
573 465 770 531 historicum
797 487 868 531 5555
890 465 997 547 docet3
1031 465 1089 530 sed
1110 487 1266 551 praesens
1292 507 1294 512 -

54 567 92 630 in
127 566 291 632 eiusmiidi
327 567 631 652 repraesentatione
664 566 852 631 adhibitum
884 567 950 651 (cfr
981 567 1134 652 sequenti
1167 587 1267 630 uersu

48 667 312 751 prosternimur)
348 668 408 732 uix
444 687 515 732 5555
547 666 683 732 uidetur
714 672 856 752 tempus,
890 667 979 754 quod
1010 668 1075 731 rite
1108 671 1268 752 sequatur

57 768 168 832 forma
200 766 348 833 uerbalis
380 768 556 854 praeteriti
587 767 756 852 temporis.
800 765 858 831 An
891 788 908 832 e
941 768 1040 832 metri
1071 768 1268 832 necessitate

56 867 270 933 excusandus
291 873 344 932 est
364 867 482 954 poeta?
502 906 544 916 —-
566 867 620 932 IX
641 869 702 932 305
725 887 873 953 squam
895 889 997 950 neque
1014 868 1160 932 subsedit
1172 869 1268 947 peni-

58 973 122 1046 tus,
150 989 213 1049 quo
235 972 354 1049 staqna
370 968 536 1050 profundi
555 969 560 1053 Ι
579 969 744 1048 acciperet,
767 989 825 1033 nee
846 989 879 1033 se
902 968 1048 1050 defendit
1070 969 1110 1033 ab
1133 988 1269 1048 aequore

57 1069 172 1145 tetius·
192 1067 228 1133 X
250 1071 312 1134 260
334 1090 382 1155 sq.
399 1069 488 1148 pius,
509 1089 607 1150 quam
630 1069 716 1150 quad
738 1069 867 1152 diperat
888 1089 951 1148 aer,
972 1071 977 1155 Ι
997 1069 1132 1134 totlitur.

143 1168 280 1252 Diqnus
301 1168 367 1235 adi.
391 1169 444 1233 bis
467 1192 541 1235 cum
563 1170 708 1234 relatiua
727 1171 894 1236 sententia
909 1171 1124 1249 connectitur,
1141 1167 1192 1236 VI
1208 1172 1268 1235 602

58 1273 212 1352 dipnum,
235 1270 322 1351 qnod
345 1289 495 1350 quaerere
516 1289 608 1334 eures
627 1272 632 1350 Ι
650 1270 704 1334 net
726 1270 801 1349 tibi·
819 1269 875 1336 IX
890 1272 950 1336 508
966 1292 1015 1356 sq.
1032 1275 1152 1353 quanto
1161 1290 1269 1350 poeno

59 1378 96 1435 tn
119 1371 257 1453 diqnior
278 1372 344 1435 istu
366 1391 408 1448 es,
428 1374 433 1455 Ι
454 1371 511 1451 qui
527 1371 652 1450 papate
674 1372 805 1435 sitiente
827 1371 935 1436 bibas!
956 1409 998 1420 —-

146 1470 257 1553 Quam
279 1493 359 1536 uero
383 1476 456 1536 arto
477 1471 567 1537 inter
588 1493 623 1536 se
646 1493 733 1536 nexu
756 1471 954 1537 cohaereant
968 1494 1049 1537 5555
1065 1473 1271 1538 coniunctiui

56 1573 174 1638 finalis
197 1577 231 1637 et
251 1572 493 1650 consecutiuus,
516 1572 571 1637 uel
593 1573 718 1658 optime
740 1572 848 1638 clucet
870 1594 887 1637 5
909 1573 990 1638 locis
1010 1573 1126 1659 queIas
1141 1570 1193 1637 VI
1210 1574 1270 1638 156

59 1696 110 1762 sq.
139 1694 155 1736 e
181 1673 316 1751 eunetis,
333 1692 396 1752 per
418 1691 498 1753 quos
520 1676 699 1752 erumperet
720 1673 832 1751 iestis,
851 1676 856 1756 Ι
876 1693 936 1737 nos
956 1693 1070 1736 sumus
1092 1672 1197 1751 eiecti·
1218 1671 1272 1738 VI

59 1777 123 1839 206
156 1775 224 1838 iam
257 1773 416 1856 preditus
447 1774 552 1856 fessis,
586 1774 623 1837 in
656 1793 750 1854 quem
776 1773 880 1852 eadat,
908 1773 1002 1856 etiqit
1023 1772 1159 1851 iostem;
1180 1771 1272 1838 VIII

60 1877 123 1941 515
146 1896 219 1961 sqq.
241 1895 300 1939 eur
320 1873 391 1937 scta
413 1873 542 1939 radenti
561 1875 566 1960 Ι
586 1873 662 1938 iace
678 1873 809 1953 placuit
830 1875 935 1953 teitus,
959 1875 995 1938 in
1017 1893 1113 1955 qnam
1129 1873 1271 1938 Pharsa-

61 1977 126 2040 lica
147 1976 219 2057 fata
238 1978 242 2059 Ι
262 1975 424 2056 conferres
445 1973 526 2039 ...3
1136 2038 1139 2041 ,

146 2074 241 2141 Coni.
265 2075 494 2161 qualitatis:
517 2075 536 2140 I
559 2078 618 2139 171
642 2097 691 2163 sq.
714 2096 781 2140 non
802 2081 872 2140 erat
889 2077 920 2139 is
929 2077 1084 2155 populns,
1100 2097 1193 2157 quem
1203 2095 1273 2155 pan

61 2162 244 2256 tranquilia
271 2177 410 2253 iuuaret,
434 2177 439 2260 Ι
463 2195 557 2256 quem
582 2195 643 2239 sua
669 2176 802 2241 tibertus
827 2177 972 2241 immotis
988 2181 1136 2255 pasceret
1157 2179 1273 2255 armis;

62 2275 114 2342 VI
147 2278 209 2341 389
243 2296 292 2362 sq.
327 2276 461 2356 (effudit
483 2325 491 2340 .
512 2325 520 2340 .
541 2277 564 2360 .)
590 2281 681 2357 teque
706 2276 765 2340 sub
794 2276 909 2342 Oitoeo
932 2282 1131 2357 torquentem
1153 2280 1273 2343 uertice

62 2377 184 2455 507555,
209 2379 214 2463 Ι
237 2375 361 2441 Rhoete
386 2378 487 2459 feren
515 2397 596 2459 quas
617 2379 677 2441 niu
698 2378 809 2443 boreas
831 2379 1015 2457 inuaderet,
1039 2398 1150 2456 orncs;
1181 2377 1274 2444 VIII

62 2480 124 2544 705
158 2499 209 2563 sq.
243 2477 482 2558 Pompeiusque
507 2478 582 2560 fnit,
611 2480 668 2560 qui
694 2498 872 2560 numquam
895 2480 998 2543 mista
1020 2479 1168 2564 uiderett
1189 2479 1272 2544 taeta

61 2579 176 2655 matis;
197 2577 232 2643 X
255 2581 314 2642 111
338 2600 387 2664 sq.
408 2579 502 2643 locus
523 2579 671 2644 incertia
693 2584 757 2660 est3
780 2579 883 2663 qugo
906 2601 981 2645 cum
1002 2578 1032 2644 F
1054 2586 1170 2646 contra
1190 2586 1273 2647 cete·

61 2701 178 2744 rorum
211 2677 363 2743 codicum
396 2680 562 2763 adstruit
593 2680 749 2764 (enstrnet
780 2679 854 2745 VZ
871 2677 917 2763 G)
944 2679 1060 2744 edunt:
1093 2681 1163 2760 ipse
1186 2680 1274 2746 iocus

62 2779 187 2858 tempti,
211 2779 297 2860 quod
319 2781 379 2843 uia
400 2781 584 2858 corruptior
605 2784 694 2844 aetas
712 2783 717 2865 Ι
737 2785 890 2858 exstruat,
913 2782 1021 2844 instar
1042 2785 1119 2845 erat.
1158 2780 1274 2868 Appa-

62 2884 117 2944 ret
137 2878 228 2944 hunc
249 2880 500 2945 coniunctiuum
522 2881 656 2966 saepius
678 2881 762 2946 coni.
785 2881 963 2967 potentiaii
982 2881 1177 2965 contiguum
1193 2903 1274 2947 esse.

62 2978 138 3046 VH
171 2981 232 3045 259
265 3002 315 3068 sq.
348 2978 433 3059 haee,
466 2982 535 3062 fato
568 3001 649 3061 quae
676 2985 753 3045 teste
773 2982 897 3061 probet,
926 2983 1000 3063 quis
1021 2983 1142 3046 iustius
1161 2983 1273 3067 armai

62 3081 250 3160 sumpserit,
283 3081 360 3145 iaec
392 3082 478 3146 acies
503 3083 627 3146 nictum
649 3082 777 3163 factura
798 3087 963 3147 nocentem
986 3087 1042 3147 est.
1085 3082 1118 3149 V
1140 3084 1201 3148 815
1224 3085 1274 3146 in-

62 3181 181 3260 stabat,
204 3181 341 3245 miserae
362 3179 527 3264 Maqnnm
550 3202 631 3263 quae
652 3183 800 3246 redderet
820 3183 909 3247 tora.
946 3182 1018 3249 VII
1040 3185 1079 3248 91
1096 3205 1144 3270 sq.
1168 3187 1275 3262 testor,

63 3282 183 3360 Roma,
217 3286 325 3346 tamen
357 3281 531 3365 Maqnnm
566 3304 629 3364 quo
659 3288 775 3349 cuneta
795 3285 954 3363 perirent,
974 3284 979 3369 Ι
997 3285 1156 3363 accepisse
1178 3285 1274 3348 diem.

64 3383 109 3448 Η.
131 3383 156 3448 l.
190 3383 442 3448 coniunctiuum
475 3383 588 3449 deberi
621 3385 765 3449 orationi
797 3384 951 3471 obliquae
977 3407 1042 3449 non
1069 3384 1274 3450 crediderim.

64 3482 196 3549 Eodem
218 3482 259 3547 de
280 3504 400 3567 genere
422 3506 493 3550 5555
515 3485 675 3550 uidentur
695 3484 733 3548 hi
753 3485 831 3549 loci:
854 3484 926 3551 VH
943 3488 1001 3550 131
1018 3506 1089 3572 sqq.
1105 3485 1276 3549 aduenisse

65 3584 165 3675 diem,
187 3584 246 3666 qui
266 3584 373 3666 fatum
394 3585 489 3648 rebus
511 3587 548 3650 in
567 3604 684 3649 uenum
703 3587 708 3668 Ι
727 3584 877 3650 ecndemt
893 3585 1047 3650 inmanis
1069 3587 1275 3668 .......Ι.

59 3683 178 3765 palam
204 3686 267 3761 est;
298 3682 369 3749 VH
391 3687 452 3751 238
475 3707 524 3772 sq.
552 3686 757 3766 citatumque
778 3687 870 3750 uidet
890 3688 978 3750 uatis
999 3687 1064 3750 sibi
1084 3686 1175 3750 mitte
1191 3688 1275 3765 peti-

65 3790 136 3850 tum
155 3787 161 3868 Ι
180 3789 316 3864 tempus,
342 3785 380 3848 in
401 3790 560 3851 extremos
582 3807 644 3868 quc
667 3788 808 3851 mitteret
829 3789 940 3851 omnia
962 3806 1064 3851 casus.
1108 3785 1152 3850 H.
1175 3786 1198 3851 I.
1220 3786 1275 3851 cb·

64 3886 181 3974 liquus
204 3906 336 3972 quoque
358 3887 591 3952 coniunctiuua
611 3909 682 3952 esse
696 3892 815 3974 potest.
845 3887 933 3953 Item
949 3886 1001 3952 VI
1016 3890 1035 3951 6
1050 3908 1097 3973 sq.
1112 3888 1276 3969 funestam

64 3986 190 4052 mundo
217 3987 307 4051 uotis
322 3987 409 4065 petit
430 3988 580 4052 omnibus
602 3987 724 4065 iorum,
744 3996 748 4067 Ι
767 3989 805 4051 in
827 4008 922 4052 casus
944 4007 1025 4068 quae
1047 3990 1161 4051 cuneta
1182 3987 1276 4068 ferat.

63 4086 187 4155 Nonne
220 4085 336 4152 eodem
367 4085 432 4153 huc
453 4088 600 4173 pertinet
621 4087 679 4153 ΠΙ
703 4092 743 4152 14
764 4110 811 4175 sq.
835 4089 909 4153 uidi
930 4090 1003 4168 ipsa
1026 4088 1164 4151 tenentis
1182 4090 1187 4170 Ι
1207 4086 1276 4151 Eu-

64 4188 229 4267 menidas,
262 4190 431 4268 quaterent
463 4208 544 4270 quus
575 4191 694 4254 uestris
727 4189 897 4269 tampades
928 4189 1031 4252 armis
1057 4187 1141 4254 ..3
1186 4187 1226 4254 Η.
1254 4189 1277 4252 l.
