2836 4672
145 191 185 254 22

187 356 223 439 b)
245 355 405 421 futuros
426 376 479 420 res
501 377 575 420 non
597 353 792 440 significant
813 355 944 418 futuro:

187 554 244 620 ille
265 561 353 639 repet
375 576 491 620 errius
512 555 657 619 nondum
673 556 877 636 potientibus
898 555 1043 619 onros?!

188 655 288 738 Quod
312 658 436 722 multos
458 663 536 722 ante
558 678 662 721 annos
684 655 860 721 acciderat.
904 654 971 720 Sed
992 656 1036 722 od
1057 657 1213 722 futurum
1234 657 1266 722 h.
1286 658 1304 721 l.

104 755 314 823 efficiendum
335 758 480 822 multum
501 757 638 822 ualuere
658 756 775 821 futura
797 777 838 820 ex
859 761 1003 842 utroque
1024 763 1121 843 porte
1141 759 1304 843 contiguo.

187 856 221 924 V
253 861 314 924 311
348 880 418 946 sqq.
451 858 516 923 huo
541 858 707 944 pertinere
729 856 878 937 uidetu13
900 858 968 921 iem
991 859 1080 922 enim
1102 863 1219 923 exorto
1241 864 1305 924 oroi

104 958 234 1024 seditio.
265 959 330 1024 'De
350 980 416 1046 quo
438 959 509 1024 loeo
531 958 609 1022 uide
631 979 743 1044 supra.

109 1056 176 1126 VII
198 1063 238 1124 72

189 1159 326 1224 duriori
347 1161 477 1242 pererio
498 1164 564 1224 iam
588 1159 684 1242 loopo
706 1164 845 1239 tempore
867 1159 985 1223 beilum

192 1259 312 1325 Ooesw
332 1260 436 1326 eiiii!

188 1359 269 1425 Erit
283 1393 316 1416 =
331 1362 524 1447 »indignum
550 1367 601 1427 ost
626 1367 697 1427 tam
719 1362 778 1426 diu
800 1359 976 1426 Gaesarem
998 1381 1069 1426 esse
1091 1360 1227 1446 (fuisso)
1243 1413 1251 1426 .
1269 1413 1275 1427 .
1291 1388 1310 1426 .›

188 1461 240 1526 De
261 1459 281 1527 Ι
303 1465 364 1528 346
386 1462 465 1527 uide
486 1461 577 1526 infra
599 1464 661 1528 sub
683 1462 809 1527 futuro.

189 1561 451 1629 Coniunctiui
473 1563 687 1629 deliberatiui
708 1562 764 1628 uel
786 1562 971 1627 dubitatiui
993 1582 1063 1627 esse
1085 1561 1249 1628 uidentur

548 1766 654 1829 ridor
675 1766 745 1844 iibi,
768 1765 881 1843 Romo,
905 1766 1043 1846 quietem

188 1867 335 1946 eripiam,
359 1867 416 1948 qui
438 1887 478 1929 rie
494 1870 679 1946 premerent
701 1871 730 1930 te
745 1865 875 1947 proelio
895 1863 1012 1947 suff!

105 1965 196 2033 VIII
218 1969 279 2032 392

592 2068 653 2132 tibi
675 2067 811 2132 barbaro
834 2067 931 2132 telius

188 2167 378 2233 incumbat?
399 2173 429 2234 ie
444 2188 555 2249 porea
577 2172 687 2251 tepori
709 2189 746 2233 oe
767 2167 853 2232 uilio
876 2167 1010 2232 brom!

188 2277 421 2348 Imperfectum
455 2270 529 2336 Hoo
550 2277 698 2357 tempore
720 2275 830 2336 status
851 2291 962 2334 rerum
977 2289 1175 2355 permanens
1192 2268 1316 2335 deseri·

105 2372 199 2438 bitur
231 2378 291 2436 eut
322 2393 376 2436 res
401 2372 555 2447 refedur,
582 2393 666 2459 quoe
693 2372 736 2437 ad
758 2372 926 2437 actionum
948 2371 1067 2435 seriem
1089 2367 1177 2432 nihil
1199 2369 1314 2448 addat,

105 2473 177 2537 siue
209 2473 349 2537 uerbum
382 2494 451 2539 rem
478 2473 632 2559 explicat,
656 2473 728 2537 siue
750 2493 884 2537 oausam
906 2469 1014 2548 affert,
1038 2469 1110 2534 siue
1130 2473 1242 2534 totum
1265 2476 1317 2535 est

105 2572 287 2638 relatiuam
313 2580 445 2659 tempus
472 2572 675 2658 significans,
702 2571 784 2658 quid
806 2571 919 2636 eodem
940 2576 1088 2655 tempore
1109 2568 1225 2648 fuerit,
1248 2591 1316 2656 quo

106 2673 197 2738 facto
218 2678 270 2738 est
291 2675 378 2739 aoiio
400 2674 608 2759 prinoipolis.

189 2773 281 2839 More
303 2773 590 2859 descriptiuum
613 2780 663 2839 est
683 2772 793 2858 impf.:
827 2769 896 2838 cfr.
919 2791 969 2834 ex.
992 2791 1043 2854 gr,
1064 2768 1084 2834 I
1107 2771 1167 2835 217
1174 2789 1183 2851 ;
1205 2769 1259 2836 IV
1275 2773 1316 2837 85

107 2893 170 2961 sq.;
192 2873 248 2940 IX
271 2877 330 2940 609
354 2894 418 2962 sq.;
441 2876 516 2954 6263
538 2871 573 2938 X
596 2874 655 2938 112
679 2895 750 2960 sqq.

592 3076 724 3140 stodoid
744 3076 782 3139 ire
803 3074 952 3156 morpiree
972 3074 1075 3137 oieeoe

192 3177 331 3257 aspide3‚
354 3177 392 3240 ire
413 3177 532 3242 mediis
552 3177 707 3241 sitiebant
729 3175 881 3256 dipsades
902 3173 1012 3238 pridie.

191 3276 292 3363 Impf.
315 3299 385 3343 rem
407 3284 485 3344 onte
506 3277 648 3343 relatam
670 3278 847 3363 explicat
862 3275 1060 3360 diligentius
1075 3278 1144 3337 out
1159 3295 1320 3340 oausam

107 3377 179 3442 eius
201 3378 346 3443 reddit:

191 3477 292 3544 Hune
312 3501 411 3544 usum
433 3480 538 3565 priori
560 3479 754 3564 contiguum
777 3500 847 3544 esse
870 3481 1019 3563 apparet.

192 3581 225 3664 a)
247 3579 492 3665 Explicandi
514 3601 614 3645 eausa
636 3579 815 3644 adhibeiur
836 3578 932 3664 impf.
956 3574 1238 3642 adiudicandum

192 3681 228 3764 α)
251 3677 375 3760 Qualia
397 3681 557 3764 singula
579 3680 707 3744 fuerint
727 3681 777 3744 rei
798 3679 938 3755 relatae3
961 3698 1010 3741 ex.
1033 3697 1083 3760 gr.

111 3780 140 3848 V
162 3783 222 3846 541

194 3900 270 3945 riom
291 3880 341 3945 soi
362 3901 428 3945 riori
449 3881 569 3945 rutilas
592 3880 728 3944 dederit
749 3881 786 3943 iri
808 3897 948 3961 aequora
970 3876 1070 3940 iubes

194 3982 424 4062 concordesque
447 3981 523 4046 iiiiii
543 3981 671 4045 radios:
693 3985 791 4044 potori
813 3978 917 4042 odero
939 3976 1069 4054 Phoebi,

193 4082 295 4146 aliero
310 4102 394 4163 poro
416 4081 533 4146 boreae
556 4081 689 4145 diducto
713 4081 781 4145 iiioe
803 4078 947 4144 uocabat.

192 4182 338 4248 Mettum
360 4183 491 4247 pecarii
513 4182 715 4247 admitteret.
