2836 4672
1185 190 1225 251 41

142 351 232 416 Item
264 353 300 415 in
334 353 427 416 exitu
454 373 572 416 uersus
598 352 699 436 Verg.
726 350 812 416 Aen.
836 351 991 418 111Ιό96
1014 375 1061 439 sq.
1086 358 1124 432 te,
1149 354 1268 434 Turne,

55 451 160 531 octos,
196 456 226 516 te
259 453 350 516 triste
381 451 523 515 succedit
542 453 546 536 l
565 451 778 531 supplicium,
805 455 954 534 uotisque
981 453 1056 517 deos
1077 454 1269 518 uenerabere

53 554 150 618 seris.
195 552 323 618 Lucan·
349 552 423 618 VII
449 555 509 618 308
536 551 584 617 sio
606 553 754 638 explicat
775 552 950 638 Postgate:
973 555 1049 619 >fue
1072 555 1213 620 because
1235 556 1273 619 of

54 654 102 717 its
130 653 300 719 reference
325 658 360 718 to
386 652 444 718 the
469 652 583 718 future
605 653 715 718 action
737 655 913 733 respexerit
935 656 1020 719 310.»
1065 655 1265 720 Manebit:

54 755 144 838 ›mig
164 759 290 819 venter
311 755 325 818 i
346 753 419 840 thy
440 753 540 818 fall».
584 752 701 818 Manet
715 785 749 809 =
765 755 850 839 »mig
872 761 994 820 vantar
1015 754 1210 820 ofelbart.

53 889 161 953 1346

143 1009 187 1053 on
209 987 328 1052 melius
349 988 429 1067 ficet
444 990 585 1068 piratae,
608 987 742 1069 Macae,
766 988 913 1053 colonie!

143 1122 238 1188 Haec
270 1124 374 1188 uerba
406 1123 495 1187 idem
520 1124 637 1188 ualent
659 1123 760 1210 qnod:
795 1123 867 1188 »An
891 1121 1017 1189 minus
1039 1131 1144 1191 recte
1166 1147 1268 1212 quam

53 1226 189 1314 piratae
221 1223 346 1288 milites
379 1224 446 1288 mei
479 1225 561 1289 fient
594 1223 748 1289 coloni?!»
784 1223 882 1289 Unde
916 1223 1082 1290 acerbiore
1107 1227 1158 1290 ui:
1196 1225 1268 1291 »An

55 1325 201 1390 melius
234 1323 317 1389 fient
349 1322 481 1409 piratae
498 1375 505 1388 .
523 1375 554 1387 ..
582 1324 737 1390 coloni?!›
778 1322 931 1402 Accedit,
955 1324 1044 1411 quod
1067 1326 1269 1391 antecedunt

54 1425 177 1491 futura
198 1424 315 1489 multa.

142 1534 292 1589 Futurum
324 1535 481 1590 exactumt
518 1524 629 1611 Supra
654 1527 716 1591 sub
739 1524 855 1591 futuro
878 1527 1056 1592 attulimus
1080 1528 1268 1612 exemplum

55 1627 122 1692 huc
144 1624 326 1712 pertinens,

55 1759 94 1825 ΙΙ
117 1763 180 1925 53}
201 1861 328 1940 meum,
352 1860 430 1926 bem
452 1861 589 1925 tulisses
611 1862 698 1943 quor}
721 1863 840 1926 dorsuo
856 1865 1003 1942 priores:

142 1963 281 2042 eoeperit
302 1962 380 2026 inde
402 1963 503 2043 cesae.

141 2094 221 2161 Fut.
255 2101 409 2161 exactum
442 2096 485 2161 ad
518 2095 778 2182 significandum
812 2119 924 2162 rerum
957 2103 1113 2162 euentum
1140 2103 1267 2163 certum

54 2203 159 2284 atque
174 2218 192 2261 e
208 2217 308 2262 causa
319 2197 477 2262 continuo
489 2204 744 2283 consequentem
757 2197 909 2263 adhiberi
922 2203 1065 2279 constat3
1078 2198 1267 2284 exemplum

53 2297 158 2363 huius
181 2319 262 2362 usus
286 2301 337 2362 est

53 2431 71 2497 Ι
95 2433 159 2497 284

501 2532 597 2613 facili
618 2535 648 2597 si
664 2533 796 2614 proelio
812 2552 922 2614 pauco
1036 2621 1039 2625 ‚

140 2635 281 2714 cesseris
303 2638 428 2712 euentu,
453 2632 512 2698 tibi
533 2632 640 2698 Boreo
662 2635 825 2716 subeyerit
847 2634 962 2700 orbern.

461 2992 502 3066 Β.
548 2994 862 3069 Coniunctiuus.

138 3168 402 3236 Coniunctiuum
424 3170 550 3235 latinae
572 3171 709 3255 linguae
731 3192 811 3256 prae
833 3193 869 3235 sc
889 3171 977 3235 ferre
999 3172 1097 3256 signa
1113 3171 1266 3237 diuersae

56 3270 200 3357 originis
233 3270 322 3335 inter
354 3271 468 3335 doctos
494 3271 586 3336 uiros
613 3276 763 3336 constare
785 3271 935 3352 uidetur;
958 3271 1047 3357 quod
1069 3293 1134 3336 non
1156 3273 1265 3356 magis

57 3373 95 3438 de
121 3371 411 3437 coniunctiuorum
434 3371 633 3437 formatione
654 3393 755 3457 quam
778 3371 817 3436 de
838 3393 953 3436 eorum
975 3372 1012 3436 ui
1026 3377 1060 3437 et
1074 3394 1138 3436 usu
1153 3371 1266 3437 ualere

57 3473 202 3537 indetur.
248 3469 508 3537 Coniunctiuum
530 3477 564 3536 et
585 3472 775 3557 optatiuum
790 3473 1008 3558 primigenios
1023 3473 1060 3536 in
1074 3493 1179 3536 unum
1193 3493 1265 3537 coa·

56 3573 159 3638 luisse
193 3577 343 3657 apparet.
389 3569 455 3637 Sed
481 3577 515 3637 et
536 3593 618 3637 usus
641 3573 849 3637 diuersorum
871 3572 990 3636 horum
1013 3573 1184 3637 modorum
1206 3594 1266 3658 per

57 3673 248 3756 analogiam
280 3673 317 3736 in
343 3672 451 3738 latino
478 3673 691 3738 coniunctiuo
712 3673 806 3737 uarie
828 3671 984 3738 confusos
1007 3693 1077 3738 esse
1100 3673 1265 3758 suspicari

56 3773 143 3850 licet,
177 3793 247 3851 nec,
281 3793 366 3858 quae
398 3772 602 3857 primigenia
632 3772 737 3837 fuerit
768 3774 822 3838 uis
854 3773 1032 3858 utriusque
1058 3773 1156 3847 modi,
1180 3773 1264 3836 satis

57 3873 268 3959 exploratum
299 3871 470 3937 habemus.
525 3871 623 3952 Vide,
658 3894 742 3959 quae
770 3873 809 3938 de
837 3873 1009 3938 doctorum
1030 3872 1201 3937 hominum
1224 3871 1265 3936 de

57 3972 118 4038 hac
149 3992 186 4037 re
220 3973 395 4038 sententiis
428 3995 449 4038 a
480 3972 602 4038 Blasco
635 3973 823 4038 afferuntm
855 3995 887 4059 p.
919 3976 989 4039 113.
1032 3971 1084 4037 De
1109 3970 1264 4036 Lucaneo

58 4073 264 4138 coniunctim
289 4094 354 4138 usu
377 4074 449 4158 egit
469 4073 509 4138 Β.
531 4073 706 4161 Peyronel,
729 4073 798 4139 Uso
822 4075 876 4138 del
897 4074 1115 4158 congiuntivo
1137 4074 1173 4136 in
1195 4070 1264 4136 Lu-

59 4194 146 4239 cano.
189 4172 292 4239 Parte
315 4172 343 4238 I.
387 4172 617 4258 Oongiuntivo
638 4174 885 4260 indipendente,
909 4173 1053 4240 Catonia
1077 4175 1167 4239 1896.
