<?xml version="1.0" encoding="UTF-8"?>
<!DOCTYPE html PUBLIC "-//W3C//DTD XHTML 1.0 Transitional//EN"
    "http://www.w3.org/TR/xhtml1/DTD/xhtml1-transitional.dtd">
<html xmlns="http://www.w3.org/1999/xhtml" xml:lang="en" lang="en">
 <head>
  <title>
</title>
<meta http-equiv="Content-Type" content="text/html;charset=utf-8" />
  <meta name='ocr-system' content='tesseract 3.04.00' />
  <meta name='ocr-capabilities' content='ocr_page ocr_carea ocr_par ocr_line ocrx_word'/>
</head>
<body>
  <div class='ocr_page' id='page_1' title='image "./studialucaneasc00lundgoog_0191.png"; bbox 0 0 2836 4672; ppageno 0'>
   <div class='ocr_carea' id='block_1_1' title="bbox 1169 178 1227 242">
    <p class='ocr_par' dir='ltr' id='par_1_1' title="bbox 1169 178 1227 242">
     <span class='ocr_line' id='line_1_1' title="bbox 1169 178 1227 242; baseline 0 -1"><span class='ocrx_word' id='word_1_1' title='bbox 1169 178 1227 242; x_wconf 80' lang='lat'>181</span> 
     </span>
    </p>
   </div>
   <div class='ocr_carea' id='block_1_2' title="bbox 58 342 1272 3834">
    <p class='ocr_par' dir='ltr' id='par_1_2' title="bbox 62 342 1272 935">
     <span class='ocr_line' id='line_1_2' title="bbox 65 342 1270 432; baseline -0.001 -22"><span class='ocrx_word' id='word_1_2' title='bbox 65 346 200 411; x_wconf 81' lang='lat' dir='ltr'>castella</span> <span class='ocrx_word' id='word_1_3' title='bbox 218 351 342 411; x_wconf 84' lang='lat' dir='ltr'>temere</span> <span class='ocrx_word' id='word_1_4' title='bbox 364 346 495 432; x_wconf 89' lang='lat' dir='ltr'>positus</span> <span class='ocrx_word' id='word_1_5' title='bbox 516 343 698 409; x_wconf 87' lang='lat' dir='ltr'>uidebitur.</span> <span class='ocrx_word' id='word_1_6' title='bbox 741 342 871 409; x_wconf 84' lang='lat' dir='ltr'>Deinde</span> <span class='ocrx_word' id='word_1_7' title='bbox 887 344 1027 410; x_wconf 90' lang='lat' dir='ltr'>molesta</span> <span class='ocrx_word' id='word_1_8' title='bbox 1041 345 1162 409; x_wconf 90' lang='lat' dir='ltr'>euadet</span> <span class='ocrx_word' id='word_1_9' title='bbox 1174 366 1270 430; x_wconf 87' lang='lat' dir='ltr'>para-</span> 
     </span>
     <span class='ocr_line' id='line_1_3' title="bbox 63 442 1272 531; baseline -0.002 -19"><span class='ocrx_word' id='word_1_10' title='bbox 63 448 153 512; x_wconf 86' lang='lat' dir='ltr'>taxis</span> <span class='ocrx_word' id='word_1_11' title='bbox 185 447 430 512; x_wconf 89' lang='lat' dir='ltr'>sententiarum</span> <span class='ocrx_word' id='word_1_12' title='bbox 462 445 692 523; x_wconf 89' lang='lat' dir='ltr'>relatiuarum‚</span> <span class='ocrx_word' id='word_1_13' title='bbox 720 466 862 531; x_wconf 88' lang='lat' dir='ltr'>quarum</span> <span class='ocrx_word' id='word_1_14' title='bbox 884 445 1048 531; x_wconf 77' lang='lat' dir='ltr'>posterior</span> <span class='ocrx_word' id='word_1_15' title='bbox 1069 442 1200 511; x_wconf 84' lang='lat' dir='ltr'>adnexa</span> <span class='ocrx_word' id='word_1_16' title='bbox 1221 450 1272 509; x_wconf 90' lang='lat' dir='ltr'>est</span> 
     </span>
     <span class='ocr_line' id='line_1_4' title="bbox 63 544 1271 633; baseline -0.003 -21"><span class='ocrx_word' id='word_1_17' title='bbox 63 547 169 633; x_wconf 85' lang='lat' dir='ltr'>priori</span> <span class='ocrx_word' id='word_1_18' title='bbox 190 547 251 625; x_wconf 86' lang='lat' dir='ltr'>ita,</span> <span class='ocrx_word' id='word_1_19' title='bbox 273 551 313 612; x_wconf 91' lang='lat' dir='ltr'>ut</span> <span class='ocrx_word' id='word_1_20' title='bbox 334 567 394 632; x_wconf 90' lang='lat' dir='ltr'>pro</span> <span class='ocrx_word' id='word_1_21' title='bbox 417 546 547 611; x_wconf 89' lang='lat' dir='ltr'>causali</span> <span class='ocrx_word' id='word_1_22' title='bbox 568 546 735 611; x_wconf 89' lang='lat' dir='ltr'>sententia</span> <span class='ocrx_word' id='word_1_23' title='bbox 756 546 866 631; x_wconf 87' lang='lat' dir='ltr'>posita</span> <span class='ocrx_word' id='word_1_24' title='bbox 888 566 958 610; x_wconf 90' lang='lat' dir='ltr'>esse</span> <span class='ocrx_word' id='word_1_25' title='bbox 977 545 1144 610; x_wconf 87' lang='lat' dir='ltr'>uideatur.</span> <span class='ocrx_word' id='word_1_26' title='bbox 1173 544 1271 627; x_wconf 77' lang='lat' dir='ltr'>Quod</span> 
     </span>
     <span class='ocr_line' id='line_1_5' title="bbox 62 642 1270 712; baseline -0.003 0"><span class='ocrx_word' id='word_1_27' title='bbox 62 647 99 712; x_wconf 90' lang='lat' dir='ltr'>in</span> <span class='ocrx_word' id='word_1_28' title='bbox 125 647 304 712; x_wconf 71' lang='lat' dir='ltr'>sententiis</span> <span class='ocrx_word' id='word_1_29' title='bbox 330 646 485 712; x_wconf 88' lang='lat' dir='ltr'>relatiuis</span> <span class='ocrx_word' id='word_1_30' title='bbox 510 667 576 710; x_wconf 89' lang='lat' dir='ltr'>usu</span> <span class='ocrx_word' id='word_1_31' title='bbox 601 646 717 710; x_wconf 88' lang='lat' dir='ltr'>uenire</span> <span class='ocrx_word' id='word_1_32' title='bbox 743 667 808 710; x_wconf 93' lang='lat' dir='ltr'>non</span> <span class='ocrx_word' id='word_1_33' title='bbox 822 646 839 680; x_wconf 74' lang='lat'>&#39;¹</span> <span class='ocrx_word' id='word_1_34' title='bbox 863 645 1009 710; x_wconf 88' lang='lat' dir='ltr'>ostendit</span> <span class='ocrx_word' id='word_1_35' title='bbox 1030 642 1065 711; x_wconf 81' lang='lat' dir='ltr'>S.</span> <span class='ocrx_word' id='word_1_36' title='bbox 1087 667 1146 711; x_wconf 90' lang='lat' dir='ltr'>nec</span> <span class='ocrx_word' id='word_1_37' title='bbox 1167 644 1270 710; x_wconf 90' lang='lat' dir='ltr'>eredi-</span> 
     </span>
     <span class='ocr_line' id='line_1_6' title="bbox 64 743 1270 813; baseline -0.003 0"><span class='ocrx_word' id='word_1_38' title='bbox 64 748 179 813; x_wconf 90' lang='lat' dir='ltr'>derim.</span> <span class='ocrx_word' id='word_1_39' title='bbox 233 745 425 812; x_wconf 89' lang='lat' dir='ltr'>Dolendum</span> <span class='ocrx_word' id='word_1_40' title='bbox 457 751 509 812; x_wconf 89' lang='lat' dir='ltr'>est</span> <span class='ocrx_word' id='word_1_41' title='bbox 535 743 711 811; x_wconf 88' lang='lat' dir='ltr'>Semseum</span> <span class='ocrx_word' id='word_1_42' title='bbox 736 767 853 811; x_wconf 89' lang='lat' dir='ltr'>uersus</span> <span class='ocrx_word' id='word_1_43' title='bbox 880 767 958 811; x_wconf 88' lang='lat' dir='ltr'>ase</span> <span class='ocrx_word' id='word_1_44' title='bbox 979 752 1141 812; x_wconf 87' lang='lat' dir='ltr'>correctos</span> <span class='ocrx_word' id='word_1_45' title='bbox 1162 751 1196 812; x_wconf 93' lang='lat' dir='ltr'>et</span> <span class='ocrx_word' id='word_1_46' title='bbox 1216 767 1270 812; x_wconf 83' lang='lat' dir='ltr'>en-</span> 
     </span>
     <span class='ocr_line' id='line_1_7' title="bbox 63 843 1089 935; baseline -0.001 -22"><span class='ocrx_word' id='word_1_47' title='bbox 63 849 205 935; x_wconf 84' lang='lat' dir='ltr'>plicatos</span> <span class='ocrx_word' id='word_1_48' title='bbox 228 870 295 914; x_wconf 93' lang='lat' dir='ltr'>non</span> <span class='ocrx_word' id='word_1_49' title='bbox 317 848 541 933; x_wconf 83' lang='lat' dir='ltr'>exscripsisse.</span> <span class='ocrx_word' id='word_1_50' title='bbox 585 843 668 912; x_wconf 81' lang='lat' dir='ltr'>Tria</span> <span class='ocrx_word' id='word_1_51' title='bbox 689 847 831 931; x_wconf 86' lang='lat' dir='ltr'>cogitari</span> <span class='ocrx_word' id='word_1_52' title='bbox 852 851 1006 932; x_wconf 87' lang='lat' dir='ltr'>possunt:</span> <span class='ocrx_word' id='word_1_53' title='bbox 1030 853 1089 912; x_wconf 91' lang='lat' dir='ltr'>aut</span> 
     </span>
    </p>

    <p class='ocr_par' dir='ltr' id='par_1_3' title="bbox 62 947 968 1030">
     <span class='ocr_line' id='line_1_8' title="bbox 62 947 968 1030; baseline -0.004 -16"><span class='ocrx_word' id='word_1_54' title='bbox 62 954 90 1014; x_wconf 87' lang='lat'>1.</span> <span class='ocrx_word' id='word_1_55' title='bbox 146 953 331 1030; x_wconf 74' lang='lat' dir='ltr'>opportuna</span> <span class='ocrx_word' id='word_1_56' title='bbox 354 952 461 1011; x_wconf 79' lang='lat' dir='ltr'>tamea</span> <span class='ocrx_word' id='word_1_57' title='bbox 481 947 567 1011; x_wconf 78' lang='lat' dir='ltr'>colli</span> <span class='ocrx_word' id='word_1_58' title='bbox 582 966 665 1029; x_wconf 81' lang='lat' dir='ltr'>pars</span> <span class='ocrx_word' id='word_1_59' title='bbox 686 948 760 1011; x_wconf 77' lang='lat' dir='ltr'>uisa</span> <span class='ocrx_word' id='word_1_60' title='bbox 776 949 968 1027; x_wconf 75' lang='lat' dir='ltr'>propinqui,</span> 
     </span>
    </p>

    <p class='ocr_par' dir='ltr' id='par_1_4' title="bbox 145 1047 1028 1130">
     <span class='ocr_line' id='line_1_9' title="bbox 145 1047 1028 1130; baseline -0.002 -16"><span class='ocrx_word' id='word_1_61' title='bbox 145 1068 212 1130; x_wconf 74' lang='lat' dir='ltr'>ouo</span> <span class='ocrx_word' id='word_1_62' title='bbox 234 1049 369 1114; x_wconf 73' lang='lat' dir='ltr'>Minuci</span> <span class='ocrx_word' id='word_1_63' title='bbox 391 1047 524 1113; x_wconf 76' lang='lat' dir='ltr'>castello</span> <span class='ocrx_word' id='word_1_64' title='bbox 545 1052 664 1113; x_wconf 77' lang='lat' dir='ltr'>uocant</span> <span class='ocrx_word' id='word_1_65' title='bbox 686 1052 716 1110; x_wconf 83' lang='lat' dir='ltr'>et</span> <span class='ocrx_word' id='word_1_66' title='bbox 737 1047 897 1130; x_wconf 73' lang='lat' dir='ltr'>coafroya</span> <span class='ocrx_word' id='word_1_67' title='bbox 920 1048 1028 1113; x_wconf 74' lang='lat' dir='ltr'>densis</span> 
     </span>
    </p>

    <p class='ocr_par' dir='ltr' id='par_1_5' title="bbox 146 1148 790 1230">
     <span class='ocr_line' id='line_1_10' title="bbox 146 1148 710 1230; baseline -0.003 -15"><span class='ocrx_word' id='word_1_68' title='bbox 146 1150 317 1216; x_wconf 77' lang='lat' dir='ltr'>arboribus</span> <span class='ocrx_word' id='word_1_69' title='bbox 339 1149 469 1213; x_wconf 82' lang='lat' dir='ltr'>dumeta</span> <span class='ocrx_word' id='word_1_70' title='bbox 492 1153 613 1230; x_wconf 66' lang='lat' dir='ltr'>tepeat.</span> <span class='ocrx_word' id='word_1_71' title='bbox 658 1148 710 1212; x_wconf 76' lang='lat' dir='ltr'>bic</span> 
     </span>
    </p>

    <p class='ocr_par' dir='ltr' id='par_1_6' title="bbox 145 1247 1270 1336">
     <span class='ocr_line' id='line_1_11' title="bbox 145 1247 1270 1336; baseline 0.001 -20"><span class='ocrx_word' id='word_1_72' title='bbox 145 1247 215 1316; x_wconf 89' lang='lat' dir='ltr'>Ubi</span> <span class='ocrx_word' id='word_1_73' title='bbox 237 1251 411 1315; x_wconf 89' lang='lat' dir='ltr'>inuenitur</span> <span class='ocrx_word' id='word_1_74' title='bbox 431 1249 597 1334; x_wconf 87' lang='lat' dir='ltr'>languida</span> <span class='ocrx_word' id='word_1_75' title='bbox 619 1254 652 1314; x_wconf 93' lang='lat' dir='ltr'>et</span> <span class='ocrx_word' id='word_1_76' title='bbox 670 1247 807 1315; x_wconf 87' lang='lat' dir='ltr'>Lucano</span> <span class='ocrx_word' id='word_1_77' title='bbox 822 1249 964 1335; x_wconf 86' lang='lat' dir='ltr'>indigna</span> <span class='ocrx_word' id='word_1_78' title='bbox 978 1251 1133 1336; x_wconf 72' lang='lat' dir='ltr'>repetitio</span> <span class='ocrx_word' id='word_1_79' title='bbox 1148 1253 1270 1330; x_wconf 83' lang='lat' dir='ltr'>uerbis,</span> 
     </span>
    </p>

    <p class='ocr_par' dir='ltr' id='par_1_7' title="bbox 145 1350 1271 1437">
     <span class='ocr_line' id='line_1_12' title="bbox 145 1350 1271 1437; baseline 0.001 -21"><span class='ocrx_word' id='word_1_80' title='bbox 145 1372 232 1437; x_wconf 88' lang='lat' dir='ltr'>quae</span> <span class='ocrx_word' id='word_1_81' title='bbox 265 1356 345 1416; x_wconf 88' lang='lat' dir='ltr'>sunt</span> <span class='ocrx_word' id='word_1_82' title='bbox 377 1355 558 1431; x_wconf 76' lang='lat' dir='ltr'>opportuna</span> <span class='ocrx_word' id='word_1_83' title='bbox 589 1352 663 1413; x_wconf 75' lang='lat' dir='ltr'>uiso</span> <span class='ocrx_word' id='word_1_84' title='bbox 689 1354 745 1428; x_wconf 80' lang='lat' dir='ltr'>est,</span> <span class='ocrx_word' id='word_1_85' title='bbox 773 1350 887 1416; x_wconf 88' lang='lat' dir='ltr'>addito</span> <span class='ocrx_word' id='word_1_86' title='bbox 910 1351 1011 1416; x_wconf 88' lang='lat' dir='ltr'>uerbo</span> <span class='ocrx_word' id='word_1_87' title='bbox 1033 1357 1161 1418; x_wconf 78' lang='lat' dir='ltr'>uocant.</span> <span class='ocrx_word' id='word_1_88' title='bbox 1204 1350 1271 1417; x_wconf 86' lang='lat' dir='ltr'>Sed</span> 
     </span>
    </p>

    <p class='ocr_par' dir='ltr' id='par_1_8' title="bbox 139 1449 1272 1936">
     <span class='ocr_line' id='line_1_13' title="bbox 146 1449 1272 1531; baseline 0.001 -15"><span class='ocrx_word' id='word_1_89' title='bbox 146 1451 221 1518; x_wconf 93' lang='lat' dir='ltr'>ideo</span> <span class='ocrx_word' id='word_1_90' title='bbox 254 1451 407 1531; x_wconf 84' lang='lat' dir='ltr'>fortasse,</span> <span class='ocrx_word' id='word_1_91' title='bbox 439 1456 480 1516; x_wconf 88' lang='lat' dir='ltr'>ut</span> <span class='ocrx_word' id='word_1_92' title='bbox 510 1450 597 1516; x_wconf 86' lang='lat' dir='ltr'>hanc</span> <span class='ocrx_word' id='word_1_93' title='bbox 630 1449 864 1517; x_wconf 87' lang='lat' dir='ltr'>difficultatem</span> <span class='ocrx_word' id='word_1_94' title='bbox 898 1453 1050 1529; x_wconf 77' lang='lat' dir='ltr'>eniteret,</span> <span class='ocrx_word' id='word_1_95' title='bbox 1081 1452 1196 1519; x_wconf 82' lang='lat' dir='ltr'>Samso</span> <span class='ocrx_word' id='word_1_96' title='bbox 1222 1454 1272 1518; x_wconf 90' lang='lat' dir='ltr'>ait</span> 
     </span>
     <span class='ocr_line' id='line_1_14' title="bbox 145 1550 1270 1640; baseline 0 -22"><span class='ocrx_word' id='word_1_97' title='bbox 145 1553 348 1640; x_wconf 87' lang='lat' dir='ltr'>particulam</span> <span class='ocrx_word' id='word_1_98' title='bbox 381 1571 445 1632; x_wconf 79' lang='lat' dir='ltr'>quc</span> <span class='ocrx_word' id='word_1_99' title='bbox 477 1573 542 1616; x_wconf 93' lang='lat' dir='ltr'>non</span> <span class='ocrx_word' id='word_1_100' title='bbox 576 1551 619 1616; x_wconf 90' lang='lat' dir='ltr'>ad</span> <span class='ocrx_word' id='word_1_101' title='bbox 651 1550 687 1615; x_wconf 90' lang='lat' dir='ltr'>id</span> <span class='ocrx_word' id='word_1_102' title='bbox 719 1551 927 1617; x_wconf 79' lang='lat' dir='ltr'>referendam</span> <span class='ocrx_word' id='word_1_103' title='bbox 956 1575 1036 1632; x_wconf 83' lang='lat' dir='ltr'>esse,</span> <span class='ocrx_word' id='word_1_104' title='bbox 1063 1554 1152 1640; x_wconf 92' lang='lat' dir='ltr'>quod</span> <span class='ocrx_word' id='word_1_105' title='bbox 1177 1575 1270 1640; x_wconf 91' lang='lat' dir='ltr'>prae-</span> 
     </span>
     <span class='ocr_line' id='line_1_15' title="bbox 144 1652 1272 1740; baseline 0 -20"><span class='ocrx_word' id='word_1_106' title='bbox 144 1654 247 1720; x_wconf 87' lang='lat' dir='ltr'>cedit:</span> <span class='ocrx_word' id='word_1_107' title='bbox 281 1652 367 1717; x_wconf 75' lang='lat' dir='ltr'>ualli</span> <span class='ocrx_word' id='word_1_108' title='bbox 393 1671 476 1732; x_wconf 77' lang='lat' dir='ltr'>pars</span> <span class='ocrx_word' id='word_1_109' title='bbox 498 1654 765 1734; x_wconf 63' lang='lat' dir='ltr'>...propinqui</span> <span class='ocrx_word' id='word_1_110' title='bbox 792 1653 850 1717; x_wconf 92' lang='lat' dir='ltr'>sed</span> <span class='ocrx_word' id='word_1_111' title='bbox 876 1654 988 1739; x_wconf 88' lang='lat' dir='ltr'>potius</span> <span class='ocrx_word' id='word_1_112' title='bbox 1014 1660 1146 1740; x_wconf 88' lang='lat' dir='ltr'>poetam</span> <span class='ocrx_word' id='word_1_113' title='bbox 1168 1655 1272 1720; x_wconf 88' lang='lat' dir='ltr'>uerba</span> 
     </span>
     <span class='ocr_line' id='line_1_16' title="bbox 146 1753 1271 1840; baseline -0.001 -20"><span class='ocrx_word' id='word_1_114' title='bbox 146 1774 210 1835; x_wconf 73' lang='lat' dir='ltr'>qao</span> <span class='ocrx_word' id='word_1_115' title='bbox 314 1757 428 1834; x_wconf 72' lang='lat' dir='ltr'>tepeat</span> <span class='ocrx_word' id='word_1_116' title='bbox 451 1775 556 1840; x_wconf 87' lang='lat' dir='ltr'>aequo</span> <span class='ocrx_word' id='word_1_117' title='bbox 578 1753 694 1818; x_wconf 90' lang='lat' dir='ltr'>ordine</span> <span class='ocrx_word' id='word_1_118' title='bbox 716 1754 988 1819; x_wconf 81' lang='lat' dir='ltr'>antecedentibus</span> <span class='ocrx_word' id='word_1_119' title='bbox 1011 1759 1192 1834; x_wconf 70' lang='lat' dir='ltr'>opportuno</span> <span class='ocrx_word' id='word_1_120' title='bbox 1215 1806 1271 1819; x_wconf 92' lang='lat'>...</span> 
     </span>
     <span class='ocr_line' id='line_1_17' title="bbox 139 1853 797 1936; baseline -0.005 -16"><span class='ocrx_word' id='word_1_121' title='bbox 139 1856 325 1936; x_wconf 74' lang='lat' dir='ltr'>propinqui</span> <span class='ocrx_word' id='word_1_122' title='bbox 347 1854 551 1919; x_wconf 84' lang='lat' dir='ltr'>adiunxisse.</span> <span class='ocrx_word' id='word_1_123' title='bbox 595 1853 715 1920; x_wconf 88' lang='lat' dir='ltr'>Nonne</span> <span class='ocrx_word' id='word_1_124' title='bbox 736 1855 797 1920; x_wconf 89' lang='lat' dir='ltr'>sic:</span> 
     </span>
    </p>

    <p class='ocr_par' dir='ltr' id='par_1_9' title="bbox 63 1956 979 2224">
     <span class='ocr_line' id='line_1_18' title="bbox 63 1956 979 2038; baseline -0.001 -18"><span class='ocrx_word' id='word_1_125' title='bbox 63 1961 90 2021; x_wconf 78' lang='lat'>2.</span> <span class='ocrx_word' id='word_1_126' title='bbox 147 2005 744 2021; x_wconf 87' lang='grc'><strong>...............</strong></span> <span class='ocrx_word' id='word_1_127' title='bbox 776 1956 979 2038; x_wconf 51' lang='grc'><strong>1110111111</strong></span> 
     </span>
     <span class='ocr_line' id='line_1_19' title="bbox 145 2055 660 2138; baseline -0.008 -16"><span class='ocrx_word' id='word_1_128' title='bbox 145 2075 209 2138; x_wconf 78' lang='lat' dir='ltr'>quc</span> <span class='ocrx_word' id='word_1_129' title='bbox 230 2055 366 2120; x_wconf 71' lang='lat' dir='ltr'>Minuci</span> <span class='ocrx_word' id='word_1_130' title='bbox 388 2055 520 2120; x_wconf 80' lang='lat' dir='ltr'>castello</span> <span class='ocrx_word' id='word_1_131' title='bbox 541 2060 660 2119; x_wconf 66' lang='lat' dir='ltr'>auocaret</span> 
     </span>
     <span class='ocr_line' id='line_1_20' title="bbox 144 2157 287 2224; baseline -0.028 0"><span class='ocrx_word' id='word_1_132' title='bbox 144 2157 203 2224; x_wconf 88' lang='lat' dir='ltr'>An</span> <span class='ocrx_word' id='word_1_133' title='bbox 225 2158 287 2222; x_wconf 90' lang='lat' dir='ltr'>sic:</span> 
     </span>
    </p>

    <p class='ocr_par' dir='ltr' id='par_1_10' title="bbox 62 2259 970 2338">
     <span class='ocr_line' id='line_1_21' title="bbox 62 2259 970 2338; baseline -0.003 -14"><span class='ocrx_word' id='word_1_134' title='bbox 62 2263 89 2324; x_wconf 84' lang='lat'>3.</span> <span class='ocrx_word' id='word_1_135' title='bbox 148 2308 746 2324; x_wconf 86' lang='grc'><strong>...............</strong></span> <span class='ocrx_word' id='word_1_136' title='bbox 777 2259 970 2338; x_wconf 75' lang='lat' dir='ltr'>propinqui.</span> 
     </span>
    </p>

    <p class='ocr_par' dir='ltr' id='par_1_11' title="bbox 144 2357 1270 2440">
     <span class='ocr_line' id='line_1_22' title="bbox 144 2357 1270 2440; baseline 0 -16"><span class='ocrx_word' id='word_1_137' title='bbox 144 2378 209 2440; x_wconf 69' lang='lat' dir='ltr'>aaa</span> <span class='ocrx_word' id='word_1_138' title='bbox 241 2358 292 2423; x_wconf 88' lang='lat' dir='ltr'>M.</span> <span class='ocrx_word' id='word_1_139' title='bbox 327 2357 460 2422; x_wconf 79' lang='lat' dir='ltr'>castella</span> <span class='ocrx_word' id='word_1_140' title='bbox 492 2362 610 2422; x_wconf 72' lang='lat' dir='ltr'>uocant</span> <span class='ocrx_word' id='word_1_141' title='bbox 633 2409 639 2422; x_wconf 93' lang='lat'>.</span> <span class='ocrx_word' id='word_1_142' title='bbox 661 2409 668 2423; x_wconf 93' lang='lat'><strong>.</strong></span> <span class='ocrx_word' id='word_1_143' title='bbox 690 2409 697 2421; x_wconf 92' lang='lat'>.</span> <span class='ocrx_word' id='word_1_144' title='bbox 722 2363 751 2421; x_wconf 81' lang='lat' dir='ltr'>et</span> <span class='ocrx_word' id='word_1_145' title='bbox 774 2410 781 2424; x_wconf 92' lang='lat'><strong>.</strong></span> <span class='ocrx_word' id='word_1_146' title='bbox 803 2409 810 2423; x_wconf 95' lang='lat'><strong>.</strong></span> <span class='ocrx_word' id='word_1_147' title='bbox 834 2358 963 2423; x_wconf 79' lang='lat' dir='ltr'>clamato</span> <span class='ocrx_word' id='word_1_148' title='bbox 986 2363 1108 2440; x_wconf 68' lang='lat' dir='ltr'>tepeat,</span> <span class='ocrx_word' id='word_1_149' title='bbox 1130 2359 1183 2424; x_wconf 84' lang='lat' dir='ltr'>bio</span> <span class='ocrx_word' id='word_1_150' title='bbox 1207 2412 1213 2426; x_wconf 94' lang='lat'>.</span> <span class='ocrx_word' id='word_1_151' title='bbox 1235 2411 1270 2424; x_wconf 91' lang='lat'>..</span> 
     </span>
    </p>

    <p class='ocr_par' dir='ltr' id='par_1_12' title="bbox 144 2461 364 2542">
     <span class='ocr_line' id='line_1_23' title="bbox 144 2461 364 2542; baseline -0.005 -18"><span class='ocrx_word' id='word_1_152' title='bbox 144 2480 262 2542; x_wconf 67' lang='lat' dir='ltr'>cumea</span> <span class='ocrx_word' id='word_1_153' title='bbox 284 2461 364 2540; x_wconf 77' lang='lat' dir='ltr'>opit.</span> 
     </span>
    </p>

    <p class='ocr_par' dir='ltr' id='par_1_13' title="bbox 58 2558 1272 3834">
     <span class='ocr_line' id='line_1_24' title="bbox 143 2558 1271 2645; baseline -0.001 -19"><span class='ocrx_word' id='word_1_154' title='bbox 143 2560 302 2626; x_wconf 83' lang='lat' dir='ltr'>Alteram</span> <span class='ocrx_word' id='word_1_155' title='bbox 327 2561 387 2645; x_wconf 77' lang='grc'>(2.)</span> <span class='ocrx_word' id='word_1_156' title='bbox 412 2565 527 2626; x_wconf 86' lang='lat' dir='ltr'>textus</span> <span class='ocrx_word' id='word_1_157' title='bbox 554 2558 781 2626; x_wconf 86' lang='lat' dir='ltr'>constituendi</span> <span class='ocrx_word' id='word_1_158' title='bbox 807 2562 970 2626; x_wconf 89' lang='lat' dir='ltr'>rationem</span> <span class='ocrx_word' id='word_1_159' title='bbox 997 2559 1132 2627; x_wconf 85' lang='lat' dir='ltr'>Samseo</span> <span class='ocrx_word' id='word_1_160' title='bbox 1155 2560 1271 2626; x_wconf 87' lang='lat' dir='ltr'>obuer-</span> 
     </span>
     <span class='ocr_line' id='line_1_25' title="bbox 61 2659 1269 2747; baseline -0.003 -19"><span class='ocrx_word' id='word_1_161' title='bbox 61 2668 170 2728; x_wconf 87' lang='lat' dir='ltr'>satam</span> <span class='ocrx_word' id='word_1_162' title='bbox 191 2682 264 2727; x_wconf 89' lang='lat' dir='ltr'>cssa</span> <span class='ocrx_word' id='word_1_163' title='bbox 286 2661 397 2742; x_wconf 81' lang='lat' dir='ltr'>cred03</span> <span class='ocrx_word' id='word_1_164' title='bbox 420 2659 471 2725; x_wconf 84' lang='lat' dir='ltr'>cfr</span> <span class='ocrx_word' id='word_1_165' title='bbox 492 2661 749 2747; x_wconf 84' lang='lat' dir='ltr'>explicationem</span> <span class='ocrx_word' id='word_1_166' title='bbox 771 2685 803 2747; x_wconf 93' lang='lat' dir='ltr'>p.</span> <span class='ocrx_word' id='word_1_167' title='bbox 825 2665 862 2726; x_wconf 77' lang='lat'>12</span> <span class='ocrx_word' id='word_1_168' title='bbox 883 2661 993 2726; x_wconf 89' lang='lat' dir='ltr'>media</span> <span class='ocrx_word' id='word_1_169' title='bbox 1006 2661 1077 2727; x_wconf 81' lang='lat' dir='ltr'>fere</span> <span class='ocrx_word' id='word_1_170' title='bbox 1090 2662 1269 2728; x_wconf 87' lang='lat' dir='ltr'>redditam:</span> 
     </span>
     <span class='ocr_line' id='line_1_26' title="bbox 61 2760 1272 2850; baseline 0.002 -27"><span class='ocrx_word' id='word_1_171' title='bbox 61 2766 266 2850; x_wconf 79' lang='lat' dir='ltr'>»opportuna</span> <span class='ocrx_word' id='word_1_172' title='bbox 296 2761 455 2848; x_wconf 91' lang='lat' dir='ltr'>Pompeio</span> <span class='ocrx_word' id='word_1_173' title='bbox 488 2761 532 2827; x_wconf 93' lang='lat' dir='ltr'>ad</span> <span class='ocrx_word' id='word_1_174' title='bbox 565 2760 805 2847; x_wconf 88' lang='lat' dir='ltr'>erumpendum</span> <span class='ocrx_word' id='word_1_175' title='bbox 831 2763 906 2827; x_wconf 90' lang='lat' dir='ltr'>uisa</span> <span class='ocrx_word' id='word_1_176' title='bbox 933 2768 984 2828; x_wconf 88' lang='lat' dir='ltr'>est</span> <span class='ocrx_word' id='word_1_177' title='bbox 1007 2783 1085 2848; x_wconf 91' lang='lat' dir='ltr'>pars</span> <span class='ocrx_word' id='word_1_178' title='bbox 1108 2763 1272 2849; x_wconf 88' lang='lat' dir='ltr'>quaedam</span> 
     </span>
     <span class='ocr_line' id='line_1_27' title="bbox 61 2863 1272 2950; baseline -0.002 -22"><span class='ocrx_word' id='word_1_179' title='bbox 61 2864 155 2942; x_wconf 85' lang='lat' dir='ltr'>ualli,</span> <span class='ocrx_word' id='word_1_180' title='bbox 188 2884 259 2950; x_wconf 91' lang='lat' dir='ltr'>que</span> <span class='ocrx_word' id='word_1_181' title='bbox 290 2863 517 2949; x_wconf 88' lang='lat' dir='ltr'>propinquum</span> <span class='ocrx_word' id='word_1_182' title='bbox 550 2867 636 2943; x_wconf 83' lang='lat' dir='ltr'>erat;</span> <span class='ocrx_word' id='word_1_183' title='bbox 670 2884 709 2928; x_wconf 93' lang='lat' dir='ltr'>ea</span> <span class='ocrx_word' id='word_1_184' title='bbox 741 2864 800 2928; x_wconf 89' lang='lat' dir='ltr'>uia</span> <span class='ocrx_word' id='word_1_185' title='bbox 830 2869 1018 2949; x_wconf 91' lang='lat' dir='ltr'>opportuna</span> <span class='ocrx_word' id='word_1_186' title='bbox 1043 2864 1119 2928; x_wconf 89' lang='lat' dir='ltr'>uisa</span> <span class='ocrx_word' id='word_1_187' title='bbox 1145 2867 1206 2942; x_wconf 87' lang='lat' dir='ltr'>est,</span> <span class='ocrx_word' id='word_1_188' title='bbox 1229 2863 1272 2928; x_wconf 90' lang='lat' dir='ltr'>ad</span> 
     </span>
     <span class='ocr_line' id='line_1_28' title="bbox 61 2961 1269 3050; baseline 0 -21"><span class='ocrx_word' id='word_1_189' title='bbox 61 2986 163 3050; x_wconf 89' lang='lat' dir='ltr'>quam</span> <span class='ocrx_word' id='word_1_190' title='bbox 184 2961 440 3048; x_wconf 81' lang='lat' dir='ltr'>ingrediendam</span> <span class='ocrx_word' id='word_1_191' title='bbox 463 2984 539 3028; x_wconf 91' lang='lat' dir='ltr'>eum</span> <span class='ocrx_word' id='word_1_192' title='bbox 560 2963 689 3029; x_wconf 90' lang='lat' dir='ltr'>Minuci</span> <span class='ocrx_word' id='word_1_193' title='bbox 709 2963 884 3028; x_wconf 87' lang='lat' dir='ltr'>castellum</span> <span class='ocrx_word' id='word_1_194' title='bbox 899 2968 1075 3050; x_wconf 88' lang='lat' dir='ltr'>propterea</span> <span class='ocrx_word' id='word_1_195' title='bbox 1089 2963 1269 3042; x_wconf 87' lang='lat' dir='ltr'>inuitabat,</span> 
     </span>
     <span class='ocr_line' id='line_1_29' title="bbox 62 3062 1270 3150; baseline 0 -21"><span class='ocrx_word' id='word_1_196' title='bbox 62 3065 149 3150; x_wconf 90' lang='lat' dir='ltr'>quod</span> <span class='ocrx_word' id='word_1_197' title='bbox 173 3062 351 3130; x_wconf 88' lang='lat' dir='ltr'>adeuntem</span> <span class='ocrx_word' id='word_1_198' title='bbox 371 3063 478 3129; x_wconf 89' lang='lat' dir='ltr'>siluae</span> <span class='ocrx_word' id='word_1_199' title='bbox 498 3062 733 3129; x_wconf 79' lang='lat' dir='ltr'>occultabant».</span> <span class='ocrx_word' id='word_1_200' title='bbox 763 3062 821 3128; x_wconf 84' lang='lat' dir='ltr'>Ad</span> <span class='ocrx_word' id='word_1_201' title='bbox 836 3085 921 3150; x_wconf 89' lang='lat' dir='ltr'>quac</span> <span class='ocrx_word' id='word_1_202' title='bbox 936 3063 1270 3130; x_wconf 88' lang='lat' dir='ltr'>animaduertendum</span> 
     </span>
     <span class='ocr_line' id='line_1_30' title="bbox 62 3163 1271 3251; baseline 0 -22"><span class='ocrx_word' id='word_1_203' title='bbox 62 3169 112 3230; x_wconf 89' lang='lat' dir='ltr'>est</span> <span class='ocrx_word' id='word_1_204' title='bbox 143 3165 195 3229; x_wconf 92' lang='lat' dir='ltr'>ita</span> <span class='ocrx_word' id='word_1_205' title='bbox 227 3163 313 3228; x_wconf 80' lang='lat' dir='ltr'>ualli</span> <span class='ocrx_word' id='word_1_206' title='bbox 339 3183 423 3244; x_wconf 77' lang='lat' dir='ltr'>pars</span> <span class='ocrx_word' id='word_1_207' title='bbox 445 3214 452 3228; x_wconf 88' lang='lat'><strong>.</strong></span> <span class='ocrx_word' id='word_1_208' title='bbox 473 3215 480 3229; x_wconf 88' lang='lat'><strong>.</strong></span> <span class='ocrx_word' id='word_1_209' title='bbox 502 3166 711 3244; x_wconf 72' lang='lat' dir='ltr'>,propinqui</span> <span class='ocrx_word' id='word_1_210' title='bbox 738 3170 772 3229; x_wconf 87' lang='lat' dir='ltr'>et</span> <span class='ocrx_word' id='word_1_211' title='bbox 793 3184 857 3245; x_wconf 80' lang='lat' dir='ltr'>quo</span> <span class='ocrx_word' id='word_1_212' title='bbox 960 3169 1073 3245; x_wconf 75' lang='lat' dir='ltr'>tepeat</span> <span class='ocrx_word' id='word_1_213' title='bbox 1095 3165 1271 3251; x_wconf 83' lang='lat' dir='ltr'>diremptis</span> 
     </span>
     <span class='ocr_line' id='line_1_31' title="bbox 61 3263 1271 3352; baseline 0 -23"><span class='ocrx_word' id='word_1_214' title='bbox 61 3270 170 3329; x_wconf 76' lang='lat' dir='ltr'>tomen</span> <span class='ocrx_word' id='word_1_215' title='bbox 191 3263 332 3329; x_wconf 89' lang='lat' dir='ltr'>uerbum</span> <span class='ocrx_word' id='word_1_216' title='bbox 355 3264 569 3331; x_wconf 88' lang='lat' dir='ltr'>intolerabile</span> <span class='ocrx_word' id='word_1_217' title='bbox 591 3265 710 3344; x_wconf 87' lang='lat' dir='ltr'>uideri,</span> <span class='ocrx_word' id='word_1_218' title='bbox 734 3266 948 3350; x_wconf 89' lang='lat' dir='ltr'>nequeenim</span> <span class='ocrx_word' id='word_1_219' title='bbox 964 3265 1075 3344; x_wconf 87' lang='lat' dir='ltr'>uerba,</span> <span class='ocrx_word' id='word_1_220' title='bbox 1092 3271 1271 3352; x_wconf 90' lang='lat' dir='ltr'>quaesunt</span> 
     </span>
     <span class='ocr_line' id='line_1_32' title="bbox 60 3365 1272 3449; baseline -0.002 -19"><span class='ocrx_word' id='word_1_221' title='bbox 60 3370 245 3449; x_wconf 73' lang='lat' dir='ltr'>opportuna</span> <span class='ocrx_word' id='word_1_222' title='bbox 271 3365 357 3429; x_wconf 75' lang='lat' dir='ltr'>ualli</span> <span class='ocrx_word' id='word_1_223' title='bbox 378 3385 459 3445; x_wconf 79' lang='lat' dir='ltr'>porc</span> <span class='ocrx_word' id='word_1_224' title='bbox 480 3367 766 3446; x_wconf 58' lang='lat' dir='ltr'>adcommisceri,</span> <span class='ocrx_word' id='word_1_225' title='bbox 789 3367 957 3431; x_wconf 89' lang='lat' dir='ltr'>contraria</span> <span class='ocrx_word' id='word_1_226' title='bbox 979 3371 1059 3431; x_wconf 88' lang='lat' dir='ltr'>sunt</span> <span class='ocrx_word' id='word_1_227' title='bbox 1080 3366 1272 3432; x_wconf 90' lang='lat' dir='ltr'>anteceden-</span> 
     </span>
     <span class='ocr_line' id='line_1_33' title="bbox 59 3465 1270 3552; baseline -0.001 -21"><span class='ocrx_word' id='word_1_228' title='bbox 59 3466 163 3545; x_wconf 88' lang='lat' dir='ltr'>tibus,</span> <span class='ocrx_word' id='word_1_229' title='bbox 186 3486 228 3530; x_wconf 88' lang='lat' dir='ltr'>nc</span> <span class='ocrx_word' id='word_1_230' title='bbox 250 3465 281 3530; x_wconf 94' lang='lat' dir='ltr'>si</span> <span class='ocrx_word' id='word_1_231' title='bbox 302 3466 350 3531; x_wconf 89' lang='lat' dir='ltr'>sic</span> <span class='ocrx_word' id='word_1_232' title='bbox 372 3467 507 3552; x_wconf 90' lang='lat' dir='ltr'>quidem</span> <span class='ocrx_word' id='word_1_233' title='bbox 530 3466 728 3532; x_wconf 88' lang='lat' dir='ltr'>scribamus:</span> <span class='ocrx_word' id='word_1_234' title='bbox 751 3465 836 3530; x_wconf 79' lang='lat' dir='ltr'>ualli</span> <span class='ocrx_word' id='word_1_235' title='bbox 852 3485 935 3546; x_wconf 79' lang='lat' dir='ltr'>pars</span> <span class='ocrx_word' id='word_1_236' title='bbox 943 3469 1142 3547; x_wconf 76' lang='lat' dir='ltr'>propinquo.</span> <span class='ocrx_word' id='word_1_237' title='bbox 1172 3465 1270 3551; x_wconf 78' lang='lat' dir='ltr'>Quod</span> 
     </span>
     <span class='ocr_line' id='line_1_34' title="bbox 58 3564 1269 3633; baseline -0.003 -1"><span class='ocrx_word' id='word_1_238' title='bbox 58 3566 174 3633; x_wconf 88' lang='lat' dir='ltr'>codem</span> <span class='ocrx_word' id='word_1_239' title='bbox 196 3565 293 3633; x_wconf 91' lang='lat' dir='ltr'>modo</span> <span class='ocrx_word' id='word_1_240' title='bbox 316 3564 358 3631; x_wconf 94' lang='lat' dir='ltr'>de</span> <span class='ocrx_word' id='word_1_241' title='bbox 379 3567 481 3632; x_wconf 87' lang='lat' dir='ltr'>tertia</span> <span class='ocrx_word' id='word_1_242' title='bbox 502 3567 564 3632; x_wconf 91' lang='lat' dir='ltr'>illa</span> <span class='ocrx_word' id='word_1_243' title='bbox 585 3572 699 3633; x_wconf 85' lang='lat' dir='ltr'>textus</span> <span class='ocrx_word' id='word_1_244' title='bbox 721 3566 829 3631; x_wconf 81' lang='lat' dir='ltr'>forma</span> <span class='ocrx_word' id='word_1_245' title='bbox 845 3566 1022 3632; x_wconf 89' lang='lat' dir='ltr'>dicendum</span> <span class='ocrx_word' id='word_1_246' title='bbox 1037 3573 1096 3632; x_wconf 89' lang='lat' dir='ltr'>est.</span> <span class='ocrx_word' id='word_1_247' title='bbox 1127 3565 1269 3631; x_wconf 91' lang='lat' dir='ltr'>Omnino</span> 
     </span>
     <span class='ocr_line' id='line_1_35' title="bbox 60 3665 1270 3753; baseline -0.002 -21"><span class='ocrx_word' id='word_1_248' title='bbox 60 3673 197 3753; x_wconf 88' lang='lat' dir='ltr'>recepta</span> <span class='ocrx_word' id='word_1_249' title='bbox 218 3669 420 3732; x_wconf 88' lang='lat' dir='ltr'>correctione</span> <span class='ocrx_word' id='word_1_250' title='bbox 442 3665 570 3733; x_wconf 86' lang='lat' dir='ltr'>Samsei</span> <span class='ocrx_word' id='word_1_251' title='bbox 592 3668 740 3746; x_wconf 85' lang='lat' dir='ltr'>molesta,</span> <span class='ocrx_word' id='word_1_252' title='bbox 763 3668 933 3746; x_wconf 90' lang='lat' dir='ltr'>intricata,</span> <span class='ocrx_word' id='word_1_253' title='bbox 957 3668 1043 3732; x_wconf 90' lang='lat' dir='ltr'>male</span> <span class='ocrx_word' id='word_1_254' title='bbox 1063 3668 1151 3732; x_wconf 90' lang='lat' dir='ltr'>inter</span> <span class='ocrx_word' id='word_1_255' title='bbox 1169 3688 1204 3732; x_wconf 91' lang='lat' dir='ltr'>se</span> <span class='ocrx_word' id='word_1_256' title='bbox 1219 3689 1270 3731; x_wconf 88' lang='lat' dir='ltr'>eo-</span> 
     </span>
     <span class='ocr_line' id='line_1_36' title="bbox 60 3766 651 3834; baseline 0 -2"><span class='ocrx_word' id='word_1_257' title='bbox 60 3767 237 3834; x_wconf 87' lang='lat' dir='ltr'>haerentia</span> <span class='ocrx_word' id='word_1_258' title='bbox 259 3767 408 3833; x_wconf 87' lang='lat' dir='ltr'>euadunt</span> <span class='ocrx_word' id='word_1_259' title='bbox 428 3766 510 3833; x_wconf 91' lang='lat' dir='ltr'>haee</span> <span class='ocrx_word' id='word_1_260' title='bbox 531 3768 651 3833; x_wconf 88' lang='lat' dir='ltr'>omnia.</span> 
     </span>
    </p>
   </div>
   <div class='ocr_carea' id='block_1_3' title="bbox 57 3988 1271 4256">
    <p class='ocr_par' dir='ltr' id='par_1_14' title="bbox 57 3988 1271 4256">
     <span class='ocr_line' id='line_1_37' title="bbox 144 3988 1270 4054; baseline 0.001 -16"><span class='ocrx_word' id='word_1_261' title='bbox 144 3992 159 4022; x_wconf 81' lang='grc'>*</span> <span class='ocrx_word' id='word_1_262' title='bbox 177 3988 269 4053; x_wconf 83' lang='lat' dir='ltr'>Neque</span> <span class='ocrx_word' id='word_1_263' title='bbox 295 3991 423 4054; x_wconf 86' lang='lat' dir='ltr'>exempla,</span> <span class='ocrx_word' id='word_1_264' title='bbox 449 4004 516 4054; x_wconf 89' lang='lat' dir='ltr'>quae</span> <span class='ocrx_word' id='word_1_265' title='bbox 542 3990 636 4042; x_wconf 88' lang='lat' dir='ltr'>attulit</span> <span class='ocrx_word' id='word_1_266' title='bbox 657 3989 755 4054; x_wconf 86' lang='lat' dir='ltr'>Samse,</span> <span class='ocrx_word' id='word_1_267' title='bbox 773 3991 907 4042; x_wconf 86' lang='lat' dir='ltr'>ostendere</span> <span class='ocrx_word' id='word_1_268' title='bbox 924 3991 1015 4041; x_wconf 88' lang='lat' dir='ltr'>ualent</span> <span class='ocrx_word' id='word_1_269' title='bbox 1032 3989 1196 4040; x_wconf 86' lang='lat' dir='ltr'>tolerabilem</span> <span class='ocrx_word' id='word_1_270' title='bbox 1214 4005 1270 4040; x_wconf 85' lang='lat' dir='ltr'>esse</span> 
     </span>
     <span class='ocr_line' id='line_1_38' title="bbox 59 4054 1271 4126; baseline 0 -19"><span class='ocrx_word' id='word_1_271' title='bbox 59 4059 229 4119; x_wconf 83' lang='lat' dir='ltr'>structuram,</span> <span class='ocrx_word' id='word_1_272' title='bbox 252 4070 318 4120; x_wconf 81' lang='lat' dir='ltr'>quae</span> <span class='ocrx_word' id='word_1_273' title='bbox 336 4060 377 4108; x_wconf 85' lang='lat' dir='ltr'>est</span> <span class='ocrx_word' id='word_1_274' title='bbox 394 4054 512 4109; x_wconf 81' lang='lat' dir='ltr'>castella</span> <span class='ocrx_word' id='word_1_275' title='bbox 530 4058 634 4110; x_wconf 77' lang='lat' dir='ltr'>uocant</span> <span class='ocrx_word' id='word_1_276' title='bbox 651 4060 678 4111; x_wconf 84' lang='lat' dir='ltr'>et</span> <span class='ocrx_word' id='word_1_277' title='bbox 695 4055 811 4110; x_wconf 78' lang='lat' dir='ltr'>dumeta</span> <span class='ocrx_word' id='word_1_278' title='bbox 829 4058 936 4126; x_wconf 73' lang='lat' dir='ltr'>tepeat,</span> <span class='ocrx_word' id='word_1_279' title='bbox 954 4058 1067 4122; x_wconf 85' lang='lat' dir='ltr'>positam</span> <span class='ocrx_word' id='word_1_280' title='bbox 1085 4072 1131 4122; x_wconf 84' lang='lat' dir='ltr'>pro</span> <span class='ocrx_word' id='word_1_281' title='bbox 1147 4071 1187 4121; x_wconf 81' lang='lat' dir='ltr'>ea,</span> <span class='ocrx_word' id='word_1_282' title='bbox 1204 4073 1271 4123; x_wconf 85' lang='lat' dir='ltr'>quae</span> 
     </span>
     <span class='ocr_line' id='line_1_39' title="bbox 57 4119 1270 4194; baseline -0.001 -19"><span class='ocrx_word' id='word_1_283' title='bbox 57 4127 99 4176; x_wconf 85' lang='lat' dir='ltr'>est</span> <span class='ocrx_word' id='word_1_284' title='bbox 115 4119 236 4176; x_wconf 73' lang='lat' dir='ltr'>castella</span> <span class='ocrx_word' id='word_1_285' title='bbox 253 4123 360 4176; x_wconf 71' lang='lat' dir='ltr'>uocaret</span> <span class='ocrx_word' id='word_1_286' title='bbox 377 4125 541 4191; x_wconf 80' lang='lat' dir='ltr'>propterea,</span> <span class='ocrx_word' id='word_1_287' title='bbox 563 4121 638 4192; x_wconf 79' lang='lat' dir='ltr'>quod</span> <span class='ocrx_word' id='word_1_288' title='bbox 655 4122 770 4178; x_wconf 80' lang='lat' dir='ltr'>dumeta</span> <span class='ocrx_word' id='word_1_289' title='bbox 783 4126 894 4194; x_wconf 52' lang='lat' dir='ltr'>tequam</span> <span class='ocrx_word' id='word_1_290' title='bbox 913 4125 1007 4175; x_wconf 89' lang='lat' dir='ltr'>nedum</span> <span class='ocrx_word' id='word_1_291' title='bbox 1019 4125 1087 4176; x_wconf 88' lang='lat' dir='ltr'>hene</span> <span class='ocrx_word' id='word_1_292' title='bbox 1098 4125 1270 4176; x_wconf 85' lang='lat' dir='ltr'>relatiuarum</span> 
     </span>
     <span class='ocr_line' id='line_1_40' title="bbox 58 4191 468 4256; baseline 0.002 -14"><span class='ocrx_word' id='word_1_293' title='bbox 58 4191 250 4244; x_wconf 84' lang='lat' dir='ltr'>sententiarum</span> <span class='ocrx_word' id='word_1_294' title='bbox 267 4192 468 4256; x_wconf 86' lang='lat' dir='ltr'>copulationem.</span> 
     </span>
    </p>
   </div>
   <div class='ocr_carea' id='block_1_4' title="bbox 0 0 1422 4672">
    <p class='ocr_par' dir='ltr' id='par_1_15' title="bbox 0 0 1422 4672">
     <span class='ocr_line' id='line_1_41' title="bbox 0 0 1422 4672; baseline 0 1"><span class='ocrx_word' id='word_1_295' title='bbox 0 0 1422 4672; x_wconf 95' lang='lat' dir='ltr'> </span> 
     </span>
    </p>
   </div>
  </div>
 </body>
</html>
