2836 4672
55 382 76 449 Ι
98 386 161 449 291

286 533 450 548 ......
483 484 532 547 sic
548 487 731 565 postquam
751 481 854 564 fatue,
878 490 908 550 et
929 485 996 565 ipsi

145 585 183 648 in
206 576 327 648 bellurn
344 604 454 665 prono
477 588 604 648 tantum
628 590 737 648 tanen
760 585 894 649 addidit
914 586 987 650 irae

145 685 355 767 accenditque
377 681 499 764 ducem,
523 689 684 769 quantum
707 685 848 750 clamore
869 686 1029 751 innuatur

145 785 250 850 Eleus
273 786 412 867 sonipes,

144 905 244 971 Hanc
276 905 452 970 lectionem
486 903 636 969 codicum
664 925 825 968 consensu
847 925 881 969 se
904 906 1187 972 commendantem
1209 908 1271 972 im·

58 1011 217 1093 pugnant
242 1005 389 1091 Bentley
413 1010 448 1069 et
469 1002 654 1070 Francken.
699 1003 764 1069 Ille
786 1004 919 1091 quidem
942 1007 1094 1085 miratus,
1116 1008 1271 1094 quisnam

60 1111 150 1173 esset
183 1105 253 1170 dux
285 1105 344 1170 ille
372 1105 525 1170 diuersus
552 1126 572 1169 a
595 1103 745 1183 Caesare,
769 1106 817 1170 sic
839 1106 1035 1171 mutandam
1056 1109 1187 1173 censuit
1208 1108 1271 1174 lec·

59 1209 202 1272 tionem:
235 1207 272 1269 in
305 1204 424 1270 bellurn
452 1211 595 1288 prompto
628 1209 649 1269 t.
680 1211 701 1269 t.
729 1226 760 1270 a.
787 1206 810 1271 i.
838 1206 1051 1289 accenditque
1084 1210 1182 1273 tacent
1205 1258 1212 1273 .
1234 1259 1271 1275 ..

61 1307 239 1373 Francken
261 1305 351 1372 iusto
374 1306 451 1392 plus
474 1311 620 1370 mutasse
635 1305 827 1373 Bentleium
841 1312 950 1372 ratus:
973 1305 1127 1387 »Sufficit
1144 1312 1272 1396 opinor,

61 1408 141 1472 duci
169 1407 312 1473 seribere
337 1458 344 1471 .
365 1458 372 1472 .
393 1428 415 1472 ,ι
448 1412 582 1473 tantum
615 1409 685 1472 irae
718 1407 870 1472 admouit
895 1414 929 1473 et
956 1409 1108 1474 accendit
1129 1409 1216 1490 duci,
1239 1417 1274 1477 et

61 1510 129 1596 ipsi
150 1510 189 1574 in
210 1507 336 1573 bellum
358 1529 486 1595 prono>
529 1505 617 1572 Mihi
639 1507 774 1594 quidem
796 1508 891 1573 nulla
913 1530 954 1573 ne
976 1511 1116 1576 minima
1137 1510 1273 1599 quidem

62 1610 249 1675 mutatione
282 1630 367 1694 opus
400 1629 470 1673 cese
502 1609 648 1686 uidetur,
682 1608 712 1672 si
745 1608 788 1673 ad
820 1608 892 1672 irae
922 1610 1063 1675 uerbum
1089 1612 1272 1678 referamus

61 1715 192 1775 tantum
295 1708 437 1787 addidit,
461 1730 546 1797 quac
569 1714 688 1774 cuncta
711 1714 741 1771 et
762 1708 830 1788 apsi
851 1710 889 1772 in
911 1708 1032 1775 cettan
1045 1732 1152 1792 prono
1167 1713 1274 1798 (duci)

62 1812 247 1891 addantur;
270 1809 481 1891 accenditque
502 1832 582 1874 uero
603 1809 787 1874 referamus
810 1809 862 1875 ad¹
876 1810 989 1874 ducein
1009 1813 1159 1879 uerbum.
1200 1813 1274 1880 Hoc

61 1934 141 1998 ergo
163 1911 335 1996 significat
356 1911 449 1976 locus
471 1911 539 1975 hio:
562 1909 665 1975 ›Duei
687 1915 720 1976 et
742 1911 809 1996 ipsi
831 1911 866 1974 in
881 1911 1008 1976 bellum
1022 1935 1125 1999 prono
1139 1920 1274 1980 tantum

61 2019 176 2079 tamen
209 2009 343 2077 addidit
374 2011 445 2077 irae
479 2011 624 2098 adeoque
658 2032 733 2076 eum
760 2013 811 2095 (=
830 2011 958 2096 ducem)
984 2013 1145 2093 accendit,
1168 2037 1273 2102 quan·

62 2121 150 2179 tum»
174 2163 231 2178 ...
253 2151 295 2162 -
316 2111 372 2178 Ex
393 2111 587 2198 pronomine
609 2112 698 2200 quod
720 2118 771 2176 est
792 2116 921 2176 tantum
940 2112 1040 2179 facile
1056 2115 1202 2180 sumitur
1216 2116 1273 2181 ad-

61 2216 217 2281 ucrbium
240 2214 339 2300 quade
361 2218 413 2278 est
435 2213 526 2292 adeo,
546 2213 582 2277 id
597 2211 686 2299 quod
700 2211 897 2278 Franckeno
912 2228 1043 2302 quoque
1059 2215 1273 2296 audiendum,

60 2337 166 2404 quum
188 2319 344 2380 tantum
366 2315 450 2379 irae
473 2314 683 2379 accendere
706 2335 771 2377 non
793 2312 895 2379 facile
916 2315 1022 2379 latine
1039 2315 1146 2380 dicere
1161 2317 1272 2383 liceat.

61 2414 162 2484 Hanc
190 2420 403 2494 structuram,
430 2436 531 2501 quam
557 2414 612 2478 hio
633 2413 771 2500 praebet
792 2413 959 2494 Lucanae,
982 2416 1118 2500 uulgari
1140 2417 1273 2483 inuersa

61 2517 180 2582 ordine
203 2516 309 2581 adlata
331 2515 416 2580 effici
439 2520 588 2602 apparet.
626 2514 728 2579 ›Duci
750 2519 884 2580 tantum
904 2514 1036 2580 addidit
1050 2515 1135 2601 iraet
1149 2549 1183 2572 =
1199 2523 1273 2586 aut:

61 2617 267 2683 »versttrkte
294 2638 329 2681 so
355 2616 424 2700 (die
447 2614 571 2699 Wuth)
593 2615 656 2680 den
678 2614 776 2680 Eifer
799 2615 855 2680 des
877 2614 1077 2682 Feldherrm
1100 2622 1174 2682 aut:
1196 2617 1278 2684 ›riei

62 2720 110 2784 im
144 2717 258 2782 Busan
285 2717 342 2781 des
374 2716 560 2782 Feldherrn
594 2715 687 2780 solch
714 2717 810 2780 einen
836 2715 934 2782 Eifer
959 2716 1106 2800 hervor›;
1139 2718 1190 2784 cfr
1212 2717 1274 2786 Sil.

61 2818 142 2885 Ital.
176 2816 263 2882 Pnn.
296 2816 316 2883 I
342 2819 383 2882 70
409 2839 457 2904 sq.
490 2819 568 2881 tunc
593 2817 710 2880 rabiem
736 2817 772 2879 in
798 2817 877 2898 finis
898 2817 1026 2882 Itatnnc
1048 2817 1275 2902 Saturniaque

62 2938 149 2984 aruo
167 2923 172 3000 1
192 2919 352 2983 addiderat
374 2924 605 3000 tantummono
622 2917 737 2999 patrie
759 2917 821 2981 teu
842 2918 938 2998 furor
959 2918 1059 2984 altus.

62 3088 80 3153 I
102 3089 275 3255 31liciticet
297 3187 431 3251 cutroni
452 3186 646 3266 Pompeium
669 3186 830 3268 emptique
852 3187 985 3252 clientes

148 3289 301 3354 continuo
317 3308 380 3369 per
402 3292 449 3352 tot
469 3287 644 3352 satiabant
667 3292 811 3368 tempora
833 3288 956 3371 reqno?

144 3407 298 3476 Perbene
321 3411 432 3470 monet
453 3404 630 3470 Francken
646 3427 667 3470 a
680 3405 838 3491 Pompeio
854 3406 889 3469 in
905 3405 1074 3493 Hispania
1089 3413 1123 3472 et
1138 3405 1275 3472 Oriente

62 3509 191 3576 multos
226 3507 367 3572 ciuitate
400 3506 539 3572 donatos
572 3528 652 3572 esse.
696 3505 859 3572 Attamen
891 3507 1067 3572 lectionem
1099 3508 1276 3592 uulgatum

64 3609 223 3699 quamuis
245 3606 395 3673 codicum
419 3613 581 3673 concentu
602 3629 637 3672 se
659 3612 809 3672 tuentem
831 3628 990 3693 respuens
1005 3609 1126 3694 recipit
1140 3605 1276 3672 Heinsii

61 3711 290 3778 coniecturam
323 3708 465 3772 hesterni
497 3731 557 3795 pro
590 3707 736 3786 eatuenui,
763 3707 899 3786 iniuria,
927 3705 995 3773 niei
1016 3707 1126 3774 failor.
1169 3705 1275 3773 Credo

64 3810 222 3899 equidem
244 3810 346 3874 uerbo
369 3810 504 3873 eutuemi
527 3809 704 3875 Caesarem
727 3809 891 3874 ualidiore
915 3830 992 3874 uoce
1015 3807 1204 3893 significare
1224 3827 1276 3870 ea-

64 3917 184 3990 ternoc,
211 3911 273 3998 qui
299 3932 319 3975 a
343 3909 502 3996 Pompeio
528 3912 618 3975 ciues
645 3909 729 3975 facti
755 3931 795 3974 cx
817 3907 976 3974 extremis
998 3909 1088 3973 orbis
1109 3913 1276 3972 terrarum

63 4013 221 4099 partibus
242 4010 386 4076 Romam
408 4012 589 4090 uenissent,
612 4009 671 4075 ubi
691 4015 788 4094 grato
804 4007 914 4074 animo
929 4006 1087 4094 Pompeio
1101 4006 1277 4075 immodice

64 4114 233 4192 fenerent;
261 4111 363 4178 uerbo
390 4111 489 4191 empti
516 4116 628 4176 autem
656 4111 744 4175 ciues
767 4131 896 4194 egenos,
920 4131 1002 4195 quos
1023 4107 1202 4194 Pompeius
1225 4130 1276 4173 ar·

64 4218 166 4299 gente
192 4212 427 4298 frumentoque
453 4211 627 4297 largiendo
652 4210 718 4276 sibi
739 4209 959 4276 conciliasset.
1003 4208 1059 4275 Ab
1082 4210 1158 4274 istis
1179 4208 1277 4273 Pom·
