2836 4672
231 168 293 235 206

273 335 425 424 Utroque
450 337 522 402 loco
549 336 653 402 uerba
674 335 830 401 mouendi
851 334 941 401 idem
963 335 1155 422 significare
1177 338 1267 426 quod
1287 336 1381 426 paul·

188 437 303 502 latim
330 457 563 503 euanescere
588 436 757 502 uidentur.
801 434 869 502 Sed
889 436 979 503 hunc
1000 432 1196 504 Lucansum
1217 439 1308 505 locus
1327 438 1378 506 Va

189 536 338 603 lerianus
360 536 480 603 fulcire
502 537 648 614 uidetur,

189 634 266 704 val.
288 636 400 703 Flaec.
422 636 551 724 Argon.
573 635 606 703 V
629 639 688 702 101

274 740 383 802 aerius
404 738 442 803 iu
463 758 567 802 remos
588 738 688 802 rediit
708 739 801 818 ratic,
823 757 862 802 ae
882 737 972 820 fucit
993 758 1086 803 ouiue

278 836 423 904 Crobiali
446 837 531 903 tatus
553 842 584 903 et
603 834 684 921 fatis
706 839 776 919 tibi,
800 834 916 922 Taptia,
939 844 1093 921 uepatum

272 939 491 1005 Parthenium

274 1039 359 1106 Cum
380 1041 445 1106 tati
466 1040 562 1105 uerbi
584 1040 673 1122 fuait
692 1062 792 1106 sensu
807 1040 999 1127 epexegesis
1014 1062 1074 1126 per
1088 1063 1247 1128 praesens
1260 1037 1370 1108 inducte

190 1146 266 1227 apte
289 1141 516 1226 coniungitur.
560 1137 768 1226 Epexegesis
786 1161 863 1206 raro
883 1141 933 1206 ita
948 1141 1039 1227 apud
1053 1138 1231 1209 Lucanum
1246 1138 1368 1219 additus

190 1241 334 1327 exempli
354 1241 426 1306 loco
449 1240 568 1307 afferre
589 1241 670 1306 licet

188 1340 303 1409 V719

267 1446 479 1523 praetereuut
499 1442 625 1523 frustra
647 1443 795 1523 temptati
817 1442 929 1507 littora
950 1441 1042 1508 lissi

273 1542 565 1624 Nymphaeumque
588 1546 711 1623 teueut,·
732 1543 839 1607 uudas
860 1542 1070 1625 aquilonibus
1090 1542 1199 1609 undas

272 1643 446 1707 suceedeus
467 1642 579 1707 boreae
600 1644 667 1707 iam
682 1647 817 1724 portura
838 1643 958 1725 fecerat
979 1648 1097 1709 auster.

188 1888 242 1961 IX
264 1896 325 1960 106

590 2015 768 2078 numquam
789 1996 957 2061 ueuieuaus
979 1997 1023 2061 aa
1044 2013 1135 2062 auses

273 2101 330 2160 aut
353 2096 482 2178 laqueos
504 2100 561 2160 aut
576 2098 775 2178 praecipites
790 2118 854 2178 per
875 2098 992 2162 iuauia
1014 2098 1130 2162 iaetus.

274 2202 366 2278 turpe
388 2199 471 2262 uioui
494 2202 540 2261 est
555 2201 633 2277 post
655 2202 684 2261 te
705 2197 772 2261 saio
795 2219 861 2262 uou
877 2218 974 2280 posse
997 2197 1116 2262 datore.

272 2348 450 2415 Francken
472 2348 566 2414 haec:
593 2346 717 2432 >Quasi
738 2370 818 2414 uero
841 2370 945 2428 enses,
967 2347 1089 2436 laquei,
1111 2348 1305 2436 praecipites
1323 2340 1369 2411 sd·

188 2456 244 2516 tus
277 2471 343 2515 non
377 2448 501 2513 doloris
533 2449 660 2514 indicia
692 2454 811 2515 essent.
856 2448 923 2516 Sed
949 2454 1129 2515 excusatur
1150 2448 1303 2517 Lucanus
1321 2486 1369 2517 .··2

190 2551 278 2639 quod
301 2549 394 2615 dolor
416 2554 571 2614 externat
592 2547 741 2614 animum
763 2555 797 2615 et
818 2569 917 2636 saepe
937 2555 1009 2615 tam
1031 2550 1199 2616 absurdus
1222 2555 1272 2616 est
1289 2538 1371 2614 insui

189 2649 367 2738 opprobrio
394 2671 495 2736 quam
522 2649 559 2713 in
586 2648 837 2716 consolatione.)
879 2649 946 2718 Sed
971 2649 1003 2714 h.
1031 2649 1054 2714 1.
1076 2670 1144 2716 non
1167 2656 1245 2736 eget
1265 2647 1371 2716 omnin

188 2752 348 2817 Lucanus
374 2756 524 2837 patrono.
569 2748 699 2834 Agitur
725 2751 814 2815 enim
837 2750 877 2816 de
898 2751 1016 2815 mortis
1038 2750 1286 2829 instrumentis3
1308 2761 1372 2838 quae

189 2890 230 2902 -
263 2853 520 2938 exaggeratione
552 2872 631 2916 uere
662 2850 887 2917 1111001100-
912 2848 1372 2918 101011011000101111111011

190 2950 354 3031 Cornelia,
382 2975 459 3017 nam
487 2953 624 3037 abrepto
650 2955 721 3017 tam
748 2973 824 3017 caro
852 2951 961 3038 eapite
983 2951 1130 3017 dolorem
1152 2952 1262 3018 solum
1281 2970 1333 3039 per
1349 2961 1373 3008 st

189 3058 228 3118 111
249 3053 368 3118 mortis
391 3073 525 3118 causam
546 3052 598 3118 ita
619 3052 882 3118 instrumentum
904 3072 1036 3140 quoque
1057 3052 1245 3119 tabescenti
1265 3051 1336 3119 fore.

189 3303 244 3370 IX
266 3306 339 3469 105οῗ1
361 3424 418 3486 eqo
441 3403 591 3471 Pellaeas
612 3423 701 3468 arces
723 3403 893 3486 adytisque
913 3407 1067 3468 retectum

274 3525 389 3586 eorpus
409 3504 594 3569 Ateuaudri
610 3505 713 3585 pigra
735 3504 921 3570 Mareotide
942 3501 1109 3586 meream?

272 3657 396 3723 Kortte
416 3655 555 3721 coniecit
575 3675 682 3734 aream
703 3655 846 3742 perbene
860 3676 939 3721 uero
955 3655 1129 3721 Burmann
1143 3652 1288 3721 Pellaeis
1301 3647 1376 3722 arad,

188 3779 290 3844 quam
311 3757 487 3822 lectionem
508 3755 630 3821 merito
652 3755 777 3842 recepit
798 3754 987 3833 Francken,
1010 3754 1129 3820 attulit
1150 3755 1187 3820 in
1202 3757 1291 3822 notis
1305 3745 1376 3820 criti·
1410 3748 1412 3825 f

189 3858 236 3924 cis
258 3857 386 3923 Hosius
407 3858 528 3941 (1905).
571 3856 637 3923 His
659 3856 814 3922 uersibus
836 3876 942 3942 usque
964 3855 1377 3942 ad159depersonistan·
1410 3842 1412 3903 ἶ

188 3963 262 4023 tum
284 3957 408 4043 agitur,
430 3978 533 4046 quare
554 3958 654 4024 ualde
674 3957 817 4023 offendit
836 3957 963 4022 arcium
978 3955 1113 4022 mentio.
1141 3955 1296 4037 Accedit,
1309 3943 1378 4043 qued

189 4058 347 4145 Pompeio
369 4058 458 4123 nudo
481 4063 514 4123 et
535 4046 704 4145 insepulto
726 4060 825 4144 (quae
847 4057 911 4122 filii
933 4060 1007 4123 erat
1028 4056 1156 4142 opinio)
1175 4054 1379 4124 nihirmeliu

190 4159 370 4245 opponitur
407 4179 507 4245 quam
543 4157 738 4225 Alexander
770 4157 885 4244 adytis
918 4157 1070 4245 areisque
1102 4159 1161 4243 (an
1194 4143 1378 4246 pluribus?
