<?xml version="1.0" encoding="UTF-8"?>
<!DOCTYPE html PUBLIC "-//W3C//DTD XHTML 1.0 Transitional//EN"
    "http://www.w3.org/TR/xhtml1/DTD/xhtml1-transitional.dtd">
<html xmlns="http://www.w3.org/1999/xhtml" xml:lang="en" lang="en">
 <head>
  <title>
</title>
<meta http-equiv="Content-Type" content="text/html;charset=utf-8" />
  <meta name='ocr-system' content='tesseract 3.04.00' />
  <meta name='ocr-capabilities' content='ocr_page ocr_carea ocr_par ocr_line ocrx_word'/>
</head>
<body>
  <div class='ocr_page' id='page_1' title='image "./studialucaneasc00lundgoog_0040.png"; bbox 0 0 2836 4672; ppageno 0'>
   <div class='ocr_carea' id='block_1_1' title="bbox 147 166 190 230">
    <p class='ocr_par' dir='ltr' id='par_1_1' title="bbox 147 166 190 230">
     <span class='ocr_line' id='line_1_1' title="bbox 147 166 190 230; baseline 0 0"><span class='ocrx_word' id='word_1_1' title='bbox 147 166 190 230; x_wconf 79' lang='lat'><strong>30</strong></span> 
     </span>
    </p>
   </div>
   <div class='ocr_carea' id='block_1_2' title="bbox 103 330 1293 4235">
    <p class='ocr_par' dir='ltr' id='par_1_2' title="bbox 188 330 1023 412">
     <span class='ocr_line' id='line_1_2' title="bbox 188 330 1023 412; baseline -0.001 -18"><span class='ocrx_word' id='word_1_2' title='bbox 188 331 314 394; x_wconf 67' lang='lat' dir='ltr'><strong>aarum</strong></span> <span class='ocrx_word' id='word_1_3' title='bbox 335 350 419 394; x_wconf 79' lang='lat' dir='ltr'><strong>aeuo</strong></span> <span class='ocrx_word' id='word_1_4' title='bbox 440 330 540 394; x_wconf 80' lang='lat' dir='ltr'><strong>retur</strong></span> <span class='ocrx_word' id='word_1_5' title='bbox 559 330 685 407; x_wconf 85' lang='lat' dir='ltr'><strong>cecidit,</strong></span> <span class='ocrx_word' id='word_1_6' title='bbox 707 330 874 412; x_wconf 71' lang='lat' dir='ltr'><strong>fessisque</strong></span> <span class='ocrx_word' id='word_1_7' title='bbox 894 335 1023 394; x_wconf 73' lang='lat' dir='ltr'><strong>senecta</strong></span> 
     </span>
    </p>

    <p class='ocr_par' dir='ltr' id='par_1_3' title="bbox 193 430 688 512">
     <span class='ocr_line' id='line_1_3' title="bbox 193 430 688 512; baseline 0.002 -17"><span class='ocrx_word' id='word_1_8' title='bbox 193 430 385 512; x_wconf 70' lang='lat' dir='ltr'><strong>exemptum,</strong></span> <span class='ocrx_word' id='word_1_9' title='bbox 406 451 474 495; x_wconf 76' lang='lat' dir='ltr'><strong>aar</strong></span> <span class='ocrx_word' id='word_1_10' title='bbox 493 430 589 495; x_wconf 82' lang='lat' dir='ltr'><strong>mites</strong></span> <span class='ocrx_word' id='word_1_11' title='bbox 609 435 688 496; x_wconf 89' lang='lat' dir='ltr'><strong>erat.</strong></span> 
     </span>
    </p>

    <p class='ocr_par' dir='ltr' id='par_1_4' title="bbox 188 531 853 618">
     <span class='ocr_line' id='line_1_4' title="bbox 188 531 853 618; baseline 0 -21"><span class='ocrx_word' id='word_1_12' title='bbox 188 531 347 597; x_wconf 83' lang='lat' dir='ltr'><strong>Famam</strong></span> <span class='ocrx_word' id='word_1_13' title='bbox 369 532 530 597; x_wconf 68' lang='grc' dir='ltr'><strong>σέοἰάἔταέ</strong></span> <span class='ocrx_word' id='word_1_14' title='bbox 551 537 694 597; x_wconf 88' lang='lat' dir='ltr'><strong>metrum</strong></span> <span class='ocrx_word' id='word_1_15' title='bbox 715 533 853 618; x_wconf 84' lang='lat' dir='ltr'><strong>respuit</strong></span> 
     </span>
    </p>

    <p class='ocr_par' dir='ltr' id='par_1_5' title="bbox 190 731 878 814">
     <span class='ocr_line' id='line_1_5' title="bbox 190 731 878 814; baseline 0 -18"><span class='ocrx_word' id='word_1_16' title='bbox 190 731 364 812; x_wconf 66' lang='lat' dir='ltr'><strong>confisaere</strong></span> <span class='ocrx_word' id='word_1_17' title='bbox 378 753 492 814; x_wconf 86' lang='lat' dir='ltr'><strong>pares,</strong></span> <span class='ocrx_word' id='word_1_18' title='bbox 514 732 643 797; x_wconf 74' lang='lat' dir='ltr'><strong>telluris</strong></span> <span class='ocrx_word' id='word_1_19' title='bbox 663 732 791 798; x_wconf 71' lang='lat' dir='ltr'><strong>uiniae</strong></span> <span class='ocrx_word' id='word_1_20' title='bbox 811 732 878 812; x_wconf 86' lang='lat' dir='ltr'><strong>iiic,</strong></span> 
     </span>
    </p>

    <p class='ocr_par' dir='ltr' id='par_1_6' title="bbox 189 833 1019 916">
     <span class='ocr_line' id='line_1_6' title="bbox 189 833 1019 916; baseline -0.001 -18"><span class='ocrx_word' id='word_1_21' title='bbox 189 833 246 898; x_wconf 86' lang='lat' dir='ltr'><strong>ilie</strong></span> <span class='ocrx_word' id='word_1_22' title='bbox 268 835 348 898; x_wconf 87' lang='lat' dir='ltr'><strong>suis.</strong></span> <span class='ocrx_word' id='word_1_23' title='bbox 371 854 552 916; x_wconf 65' lang='lat' dir='ltr'><strong>eumaem</strong></span> <span class='ocrx_word' id='word_1_24' title='bbox 572 854 694 898; x_wconf 87' lang='lat' dir='ltr'><strong>saeuae</strong></span> <span class='ocrx_word' id='word_1_25' title='bbox 714 853 844 914; x_wconf 80' lang='lat' dir='ltr'><strong>sperme</strong></span> <span class='ocrx_word' id='word_1_26' title='bbox 865 852 1019 897; x_wconf 78' lang='lat' dir='ltr'><strong>noueram</strong></span> 
     </span>
    </p>

    <p class='ocr_par' dir='ltr' id='par_1_7' title="bbox 183 933 393 1014">
     <span class='ocr_line' id='line_1_7' title="bbox 183 933 393 1014; baseline 0.014 -17"><span class='ocrx_word' id='word_1_27' title='bbox 183 933 266 1014; x_wconf 85' lang='lat' dir='ltr'><strong>plus</strong></span> <span class='ocrx_word' id='word_1_28' title='bbox 289 934 393 1000; x_wconf 82' lang='lat' dir='ltr'><strong>licuit.</strong></span> 
     </span>
    </p>

    <p class='ocr_par' dir='ltr' id='par_1_8' title="bbox 189 1034 942 1101">
     <span class='ocr_line' id='line_1_8' title="bbox 189 1034 942 1101; baseline 0 -1"><span class='ocrx_word' id='word_1_29' title='bbox 189 1034 344 1100; x_wconf 71' lang='lat' dir='ltr'><strong>Lecaera</strong></span> <span class='ocrx_word' id='word_1_30' title='bbox 364 1035 507 1101; x_wconf 83' lang='lat' dir='ltr'><strong>formam</strong></span> <span class='ocrx_word' id='word_1_31' title='bbox 528 1041 672 1101; x_wconf 87' lang='lat' dir='ltr'><strong>metrum</strong></span> <span class='ocrx_word' id='word_1_32' title='bbox 693 1057 760 1100; x_wconf 91' lang='lat' dir='ltr'><strong>non</strong></span> <span class='ocrx_word' id='word_1_33' title='bbox 781 1035 942 1100; x_wconf 83' lang='lat' dir='ltr'><strong>admittit</strong></span> 
     </span>
    </p>

    <p class='ocr_par' dir='ltr' id='par_1_9' title="bbox 189 1135 875 1222">
     <span class='ocr_line' id='line_1_9' title="bbox 189 1135 875 1222; baseline -0.003 -22"><span class='ocrx_word' id='word_1_34' title='bbox 189 1135 356 1222; x_wconf 80' lang='lat' dir='ltr'><strong>Exempla</strong></span> <span class='ocrx_word' id='word_1_35' title='bbox 376 1136 413 1199; x_wconf 91' lang='lat' dir='ltr'><strong>in</strong></span> <span class='ocrx_word' id='word_1_36' title='bbox 435 1135 672 1201; x_wconf 78' lang='lat' dir='ltr'><strong>secundaria</strong></span> <span class='ocrx_word' id='word_1_37' title='bbox 693 1137 875 1201; x_wconf 74' lang='lat' dir='ltr'><strong>exstantia:</strong></span> 
     </span>
    </p>

    <p class='ocr_par' dir='ltr' id='par_1_10' title="bbox 104 1235 1293 1503">
     <span class='ocr_line' id='line_1_10' title="bbox 190 1235 1293 1322; baseline -0.003 -20"><span class='ocrx_word' id='word_1_38' title='bbox 190 1238 225 1320; x_wconf 86' lang='lat' dir='ltr'><strong>a)</strong></span> <span class='ocrx_word' id='word_1_39' title='bbox 251 1235 398 1321; x_wconf 80' lang='lat' dir='ltr'><strong>Tempus</strong></span> <span class='ocrx_word' id='word_1_40' title='bbox 424 1236 616 1301; x_wconf 83' lang='lat' dir='ltr'><strong>absolutum</strong></span> <span class='ocrx_word' id='word_1_41' title='bbox 642 1235 766 1300; x_wconf 79' lang='lat' dir='ltr'><strong>diserte</strong></span> <span class='ocrx_word' id='word_1_42' title='bbox 787 1237 987 1322; x_wconf 83' lang='lat' dir='ltr'><strong>exprimitur</strong></span> <span class='ocrx_word' id='word_1_43' title='bbox 1007 1235 1235 1320; x_wconf 81' lang='lat' dir='ltr'><strong>(substantiuo</strong></span> <span class='ocrx_word' id='word_1_44' title='bbox 1256 1255 1293 1299; x_wconf 89' lang='lat' dir='ltr'><strong>ue</strong></span> 
     </span>
     <span class='ocr_line' id='line_1_11' title="bbox 106 1336 634 1422; baseline -0.006 -20"><span class='ocrx_word' id='word_1_45' title='bbox 106 1337 266 1402; x_wconf 86' lang='lat' dir='ltr'><strong>aduerbio</strong></span> <span class='ocrx_word' id='word_1_46' title='bbox 287 1340 421 1422; x_wconf 83' lang='lat' dir='ltr'><strong>tempus</strong></span> <span class='ocrx_word' id='word_1_47' title='bbox 442 1336 634 1421; x_wconf 85' lang='lat' dir='ltr'><strong>indicanti):</strong></span> 
     </span>
     <span class='ocr_line' id='line_1_12' title="bbox 104 1436 241 1503; baseline -0.007 0"><span class='ocrx_word' id='word_1_48' title='bbox 104 1436 157 1503; x_wconf 83' lang='lat' dir='ltr'><strong>VI</strong></span> <span class='ocrx_word' id='word_1_49' title='bbox 179 1439 241 1502; x_wconf 84' lang='lat'><strong>683</strong></span> 
     </span>
    </p>

    <p class='ocr_par' dir='ltr' id='par_1_11' title="bbox 240 1537 1069 1618">
     <span class='ocr_line' id='line_1_13' title="bbox 240 1537 1069 1618; baseline 0 -18"><span class='ocrx_word' id='word_1_50' title='bbox 240 1537 358 1617; x_wconf 69' lang='lat' dir='ltr'><strong>purius</strong></span> <span class='ocrx_word' id='word_1_51' title='bbox 379 1558 415 1602; x_wconf 85' lang='lat' dir='ltr'><strong>os</strong></span> <span class='ocrx_word' id='word_1_52' title='bbox 437 1537 547 1601; x_wconf 83' lang='lat' dir='ltr'><strong>dirum</strong></span> <span class='ocrx_word' id='word_1_53' title='bbox 568 1537 776 1602; x_wconf 76' lang='lat' dir='ltr'><strong>nascentibus</strong></span> <span class='ocrx_word' id='word_1_54' title='bbox 796 1538 933 1618; x_wconf 77' lang='lat' dir='ltr'><strong>impuit</strong></span> <span class='ocrx_word' id='word_1_55' title='bbox 955 1537 1069 1601; x_wconf 72' lang='lat' dir='ltr'><strong>imbus</strong></span> 
     </span>
    </p>

    <p class='ocr_par' dir='ltr' id='par_1_12' title="bbox 190 1637 1058 1719">
     <span class='ocr_line' id='line_1_14' title="bbox 190 1637 1058 1719; baseline -0.001 -17"><span class='ocrx_word' id='word_1_56' title='bbox 190 1637 325 1702; x_wconf 77' lang='lat' dir='ltr'><strong>addidit</strong></span> <span class='ocrx_word' id='word_1_57' title='bbox 345 1643 376 1702; x_wconf 87' lang='lat' dir='ltr'><strong>et</strong></span> <span class='ocrx_word' id='word_1_58' title='bbox 397 1637 560 1719; x_wconf 81' lang='lat' dir='ltr'><strong>quidquid</strong></span> <span class='ocrx_word' id='word_1_59' title='bbox 581 1638 702 1702; x_wconf 76' lang='lat' dir='ltr'><strong>mundo</strong></span> <span class='ocrx_word' id='word_1_60' title='bbox 725 1638 816 1702; x_wconf 87' lang='lat' dir='ltr'><strong>dedit</strong></span> <span class='ocrx_word' id='word_1_61' title='bbox 836 1639 907 1718; x_wconf 86' lang='lat' dir='ltr'><strong>ipsa</strong></span> <span class='ocrx_word' id='word_1_62' title='bbox 929 1638 1058 1702; x_wconf 75' lang='lat' dir='ltr'><strong>ueaem.</strong></span> 
     </span>
    </p>

    <p class='ocr_par' dir='ltr' id='par_1_13' title="bbox 104 1737 900 1923">
     <span class='ocr_line' id='line_1_15' title="bbox 104 1737 278 1806; baseline -0.017 1"><span class='ocrx_word' id='word_1_63' title='bbox 104 1737 196 1806; x_wconf 85' lang='lat' dir='ltr'><strong>VIII</strong></span> <span class='ocrx_word' id='word_1_64' title='bbox 220 1740 278 1805; x_wconf 85' lang='lat'><strong>151</strong></span> 
     </span>
     <span class='ocr_line' id='line_1_16' title="bbox 322 1838 900 1923; baseline -0.002 -20"><span class='ocrx_word' id='word_1_65' title='bbox 322 1838 428 1917; x_wconf 83' lang='lat' dir='ltr'><strong>iilam,</strong></span> <span class='ocrx_word' id='word_1_66' title='bbox 451 1859 552 1923; x_wconf 79' lang='lat' dir='ltr'><strong>quam</strong></span> <span class='ocrx_word' id='word_1_67' title='bbox 573 1844 638 1903; x_wconf 87' lang='lat' dir='ltr'><strong>toto</strong></span> <span class='ocrx_word' id='word_1_68' title='bbox 661 1844 800 1920; x_wconf 85' lang='lat' dir='ltr'><strong>tempore</strong></span> <span class='ocrx_word' id='word_1_69' title='bbox 822 1838 900 1904; x_wconf 84' lang='lat' dir='ltr'><strong>beiti</strong></span> 
     </span>
    </p>

    <p class='ocr_par' dir='ltr' id='par_1_14' title="bbox 189 1939 957 2018">
     <span class='ocr_line' id='line_1_17' title="bbox 189 1939 957 2018; baseline 0 -13"><span class='ocrx_word' id='word_1_70' title='bbox 189 1946 228 2005; x_wconf 90' lang='lat' dir='ltr'><strong>ut</strong></span> <span class='ocrx_word' id='word_1_71' title='bbox 249 1941 353 2005; x_wconf 88' lang='lat' dir='ltr'><strong>ciuem</strong></span> <span class='ocrx_word' id='word_1_72' title='bbox 374 1939 488 2005; x_wconf 86' lang='lat' dir='ltr'><strong>uidere</strong></span> <span class='ocrx_word' id='word_1_73' title='bbox 509 1959 612 2018; x_wconf 88' lang='lat' dir='ltr'><strong>suum,</strong></span> <span class='ocrx_word' id='word_1_74' title='bbox 635 1940 801 2006; x_wconf 80' lang='lat' dir='ltr'><strong>discedere</strong></span> <span class='ocrx_word' id='word_1_75' title='bbox 823 1960 957 2005; x_wconf 78' lang='lat' dir='ltr'><strong>cerneus</strong></span> 
     </span>
    </p>

    <p class='ocr_par' dir='ltr' id='par_1_15' title="bbox 188 2040 513 2124">
     <span class='ocr_line' id='line_1_18' title="bbox 188 2040 513 2124; baseline -0.006 -18"><span class='ocrx_word' id='word_1_76' title='bbox 188 2043 352 2124; x_wconf 80' lang='lat' dir='ltr'><strong>inperauit</strong></span> <span class='ocrx_word' id='word_1_77' title='bbox 367 2040 513 2121; x_wconf 79' lang='lat' dir='ltr'><strong>populus</strong></span> 
     </span>
    </p>

    <p class='ocr_par' dir='ltr' id='par_1_16' title="bbox 104 2140 1061 2310">
     <span class='ocr_line' id='line_1_19' title="bbox 195 2140 1061 2208; baseline -0.002 -1"><span class='ocrx_word' id='word_1_78' title='bbox 195 2142 357 2208; x_wconf 71' lang='lat' dir='ltr'><strong>Viderint</strong></span> <span class='ocrx_word' id='word_1_79' title='bbox 377 2141 505 2207; x_wconf 85' lang='lat' dir='ltr'><strong>formae</strong></span> <span class='ocrx_word' id='word_1_80' title='bbox 526 2142 563 2206; x_wconf 91' lang='lat' dir='ltr'><strong>in</strong></span> <span class='ocrx_word' id='word_1_81' title='bbox 585 2140 777 2207; x_wconf 83' lang='lat' dir='ltr'><strong>hexametro</strong></span> <span class='ocrx_word' id='word_1_82' title='bbox 799 2141 892 2207; x_wconf 86' lang='lat' dir='ltr'><strong>loeus</strong></span> <span class='ocrx_word' id='word_1_83' title='bbox 913 2164 979 2207; x_wconf 91' lang='lat' dir='ltr'><strong>non</strong></span> <span class='ocrx_word' id='word_1_84' title='bbox 1001 2146 1061 2206; x_wconf 85' lang='lat' dir='ltr'><strong>eet.</strong></span> 
     </span>
     <span class='ocr_line' id='line_1_20' title="bbox 104 2241 279 2310; baseline 0 0"><span class='ocrx_word' id='word_1_85' title='bbox 104 2241 196 2310; x_wconf 83' lang='lat' dir='ltr'><strong>VIII</strong></span> <span class='ocrx_word' id='word_1_86' title='bbox 219 2246 279 2310; x_wconf 83' lang='lat'><strong>155</strong></span> 
     </span>
    </p>

    <p class='ocr_par' dir='ltr' id='par_1_17' title="bbox 508 2344 902 2408">
     <span class='ocr_line' id='line_1_21' title="bbox 508 2344 902 2408; baseline -0.003 0"><span class='ocrx_word' id='word_1_87' title='bbox 508 2349 598 2408; x_wconf 87' lang='lat' dir='ltr'><strong>tauto</strong></span> <span class='ocrx_word' id='word_1_88' title='bbox 621 2344 774 2408; x_wconf 82' lang='lat' dir='ltr'><strong>deuiuait</strong></span> <span class='ocrx_word' id='word_1_89' title='bbox 794 2363 902 2408; x_wconf 86' lang='lat' dir='ltr'><strong>amore</strong></span> 
     </span>
    </p>

    <p class='ocr_par' dir='ltr' id='par_1_18' title="bbox 190 2442 1121 2527">
     <span class='ocr_line' id='line_1_22' title="bbox 190 2442 1121 2527; baseline -0.002 -20"><span class='ocrx_word' id='word_1_90' title='bbox 190 2444 250 2511; x_wconf 72' lang='lat' dir='ltr'><strong>isos</strong></span> <span class='ocrx_word' id='word_1_91' title='bbox 265 2445 386 2525; x_wconf 90' lang='lat' dir='ltr'><strong>pudor,</strong></span> <span class='ocrx_word' id='word_1_92' title='bbox 408 2443 467 2508; x_wconf 78' lang='lat' dir='ltr'><strong>tos</strong></span> <span class='ocrx_word' id='word_1_93' title='bbox 482 2445 636 2525; x_wconf 85' lang='lat' dir='ltr'><strong>probitas</strong></span> <span class='ocrx_word' id='word_1_94' title='bbox 659 2446 801 2527; x_wconf 83' lang='lat' dir='ltr'><strong>castique</strong></span> <span class='ocrx_word' id='word_1_95' title='bbox 822 2444 981 2508; x_wconf 90' lang='lat' dir='ltr'><strong>modestia</strong></span> <span class='ocrx_word' id='word_1_96' title='bbox 1002 2442 1121 2523; x_wconf 80' lang='lat' dir='ltr'><strong>uoltus,</strong></span> 
     </span>
    </p>

    <p class='ocr_par' dir='ltr' id='par_1_19' title="bbox 189 2543 1164 2627">
     <span class='ocr_line' id='line_1_23' title="bbox 189 2543 1164 2627; baseline -0.004 -17"><span class='ocrx_word' id='word_1_97' title='bbox 189 2546 276 2626; x_wconf 81' lang='lat' dir='ltr'><strong>qued</strong></span> <span class='ocrx_word' id='word_1_98' title='bbox 297 2546 475 2609; x_wconf 87' lang='lat' dir='ltr'><strong>summissa</strong></span> <span class='ocrx_word' id='word_1_99' title='bbox 497 2546 629 2623; x_wconf 63' lang='lat' dir='ltr'><strong>animm,</strong></span> <span class='ocrx_word' id='word_1_100' title='bbox 652 2544 740 2608; x_wconf 82' lang='lat' dir='ltr'><strong>uuili</strong></span> <span class='ocrx_word' id='word_1_101' title='bbox 761 2546 877 2627; x_wconf 79' lang='lat' dir='ltr'><strong>prauis</strong></span> <span class='ocrx_word' id='word_1_102' title='bbox 898 2544 1029 2623; x_wconf 79' lang='lat' dir='ltr'><strong>hospita</strong></span> <span class='ocrx_word' id='word_1_103' title='bbox 1052 2543 1164 2610; x_wconf 88' lang='lat' dir='ltr'><strong>turbae</strong></span> 
     </span>
    </p>

    <p class='ocr_par' dir='ltr' id='par_1_20' title="bbox 104 2644 1027 2813">
     <span class='ocr_line' id='line_1_24' title="bbox 189 2644 1027 2725; baseline -0.001 -16"><span class='ocrx_word' id='word_1_104' title='bbox 189 2648 312 2710; x_wconf 76' lang='lat' dir='ltr'><strong>staretis</strong></span> <span class='ocrx_word' id='word_1_105' title='bbox 334 2645 442 2710; x_wconf 76' lang='lat' dir='ltr'><strong>adhue</strong></span> <span class='ocrx_word' id='word_1_106' title='bbox 462 2644 527 2725; x_wconf 83' lang='lat' dir='ltr'><strong>fati</strong></span> <span class='ocrx_word' id='word_1_107' title='bbox 548 2647 637 2708; x_wconf 83' lang='lat' dir='ltr'><strong>uiuit</strong></span> <span class='ocrx_word' id='word_1_108' title='bbox 657 2645 752 2725; x_wconf 79' lang='lat' dir='ltr'><strong>quasi</strong></span> <span class='ocrx_word' id='word_1_109' title='bbox 774 2645 910 2724; x_wconf 83' lang='lat' dir='ltr'><strong>coniupe</strong></span> <span class='ocrx_word' id='word_1_110' title='bbox 931 2646 1027 2708; x_wconf 88' lang='lat' dir='ltr'><strong>uicto.</strong></span> 
     </span>
     <span class='ocr_line' id='line_1_25' title="bbox 104 2745 279 2813; baseline -0.011 0"><span class='ocrx_word' id='word_1_111' title='bbox 104 2745 195 2813; x_wconf 85' lang='lat' dir='ltr'><strong>VHI</strong></span> <span class='ocrx_word' id='word_1_112' title='bbox 218 2750 279 2812; x_wconf 85' lang='grc'><strong>684</strong></span> 
     </span>
    </p>

    <p class='ocr_par' dir='ltr' id='par_1_21' title="bbox 188 2843 1086 2929">
     <span class='ocr_line' id='line_1_26' title="bbox 188 2843 1086 2929; baseline -0.006 -17"><span class='ocrx_word' id='word_1_113' title='bbox 188 2848 346 2929; x_wconf 64' lang='lat' dir='ltr'><strong>suffitum</strong></span> <span class='ocrx_word' id='word_1_114' title='bbox 369 2851 468 2926; x_wconf 88' lang='lat' dir='ltr'><strong>caput</strong></span> <span class='ocrx_word' id='word_1_115' title='bbox 489 2849 546 2925; x_wconf 84' lang='lat' dir='ltr'><strong>est,</strong></span> <span class='ocrx_word' id='word_1_116' title='bbox 569 2863 830 2927; x_wconf 82' lang='lat' dir='ltr'><strong>quorumquam</strong></span> <span class='ocrx_word' id='word_1_117' title='bbox 853 2843 936 2908; x_wconf 85' lang='lat' dir='ltr'><strong>betia</strong></span> <span class='ocrx_word' id='word_1_118' title='bbox 957 2843 1086 2908; x_wconf 86' lang='lat' dir='ltr'><strong>iubeute</strong></span> 
     </span>
    </p>

    <p class='ocr_par' dir='ltr' id='par_1_22' title="bbox 104 2947 343 3114">
     <span class='ocr_line' id='line_1_27' title="bbox 182 2947 343 3028; baseline 0.006 -17"><span class='ocrx_word' id='word_1_119' title='bbox 182 2966 256 3027; x_wconf 78' lang='lat' dir='ltr'><strong>pua</strong></span> <span class='ocrx_word' id='word_1_120' title='bbox 277 2947 343 3028; x_wconf 83' lang='lat' dir='ltr'><strong>fuit</strong></span> 
     </span>
     <span class='ocr_line' id='line_1_28' title="bbox 104 3048 222 3114; baseline -0.008 0"><span class='ocrx_word' id='word_1_121' title='bbox 104 3048 139 3114; x_wconf 88' lang='lat' dir='ltr'>X</span> <span class='ocrx_word' id='word_1_122' title='bbox 160 3051 222 3113; x_wconf 80' lang='lat'><strong>449</strong></span> 
     </span>
    </p>

    <p class='ocr_par' dir='ltr' id='par_1_23' title="bbox 189 3148 1035 3229">
     <span class='ocr_line' id='line_1_29' title="bbox 189 3148 1035 3229; baseline 0 -18"><span class='ocrx_word' id='word_1_123' title='bbox 189 3149 300 3212; x_wconf 84' lang='lat' dir='ltr'><strong>audac</strong></span> <span class='ocrx_word' id='word_1_124' title='bbox 324 3148 503 3212; x_wconf 76' lang='lat' dir='ltr'><strong>Thessalici</strong></span> <span class='ocrx_word' id='word_1_125' title='bbox 524 3167 630 3228; x_wconf 81' lang='lat' dir='ltr'><strong>rcuper</strong></span> <span class='ocrx_word' id='word_1_126' title='bbox 650 3149 708 3229; x_wconf 82' lang='lat' dir='ltr'><strong>qui</strong></span> <span class='ocrx_word' id='word_1_127' title='bbox 729 3168 809 3228; x_wconf 90' lang='lat' dir='ltr'><strong>rupe</strong></span> <span class='ocrx_word' id='word_1_128' title='bbox 830 3148 889 3212; x_wconf 85' lang='lat' dir='ltr'><strong>sub</strong></span> <span class='ocrx_word' id='word_1_129' title='bbox 912 3148 1035 3212; x_wconf 85' lang='lat' dir='ltr'><strong>Haemi</strong></span> 
     </span>
    </p>

    <p class='ocr_par' dir='ltr' id='par_1_24' title="bbox 189 3249 1036 3330">
     <span class='ocr_line' id='line_1_30' title="bbox 189 3249 1036 3330; baseline 0.001 -18"><span class='ocrx_word' id='word_1_130' title='bbox 189 3249 370 3329; x_wconf 77' lang='lat' dir='ltr'><strong>Hesperiae</strong></span> <span class='ocrx_word' id='word_1_131' title='bbox 393 3253 524 3313; x_wconf 80' lang='lat' dir='ltr'><strong>euectos</strong></span> <span class='ocrx_word' id='word_1_132' title='bbox 540 3268 693 3329; x_wconf 77' lang='lat' dir='ltr'><strong>proceres</strong></span> <span class='ocrx_word' id='word_1_133' title='bbox 716 3249 881 3330; x_wconf 79' lang='lat' dir='ltr'><strong>aciemque</strong></span> <span class='ocrx_word' id='word_1_134' title='bbox 902 3254 1036 3313; x_wconf 81' lang='lat' dir='ltr'><strong>serratus</strong></span> 
     </span>
    </p>

    <p class='ocr_par' dir='ltr' id='par_1_25' title="bbox 188 3349 1005 3432">
     <span class='ocr_line' id='line_1_31' title="bbox 188 3349 1005 3432; baseline -0.001 -18"><span class='ocrx_word' id='word_1_135' title='bbox 188 3349 441 3432; x_wconf 76' lang='lat' dir='ltr'><strong>Pompeiumque</strong></span> <span class='ocrx_word' id='word_1_136' title='bbox 463 3349 576 3430; x_wconf 80' lang='lat' dir='ltr'><strong>ducem</strong></span> <span class='ocrx_word' id='word_1_137' title='bbox 598 3368 698 3416; x_wconf 88' lang='lat' dir='ltr'><strong>eausa</strong></span> <span class='ocrx_word' id='word_1_138' title='bbox 720 3369 853 3430; x_wconf 86' lang='lat' dir='ltr'><strong>sperare</strong></span> <span class='ocrx_word' id='word_1_139' title='bbox 874 3354 1005 3414; x_wconf 87' lang='lat' dir='ltr'><strong>uetuute</strong></span> 
     </span>
    </p>

    <p class='ocr_par' dir='ltr' id='par_1_26' title="bbox 188 3449 1020 3532">
     <span class='ocr_line' id='line_1_32' title="bbox 188 3449 1020 3532; baseline 0.001 -19"><span class='ocrx_word' id='word_1_140' title='bbox 188 3471 253 3515; x_wconf 84' lang='lat' dir='ltr'><strong>uem</strong></span> <span class='ocrx_word' id='word_1_141' title='bbox 277 3451 387 3514; x_wconf 78' lang='lat' dir='ltr'><strong>timuit</strong></span> <span class='ocrx_word' id='word_1_142' title='bbox 408 3449 578 3531; x_wconf 82' lang='lat' dir='ltr'><strong>fatumque</strong></span> <span class='ocrx_word' id='word_1_143' title='bbox 599 3449 664 3515; x_wconf 82' lang='lat' dir='ltr'><strong>siti</strong></span> <span class='ocrx_word' id='word_1_144' title='bbox 680 3452 838 3531; x_wconf 88' lang='lat' dir='ltr'><strong>promisit</strong></span> <span class='ocrx_word' id='word_1_145' title='bbox 858 3450 1020 3532; x_wconf 76' lang='lat' dir='ltr'><strong>iriquum,</strong></span> 
     </span>
    </p>

    <p class='ocr_par' dir='ltr' id='par_1_27' title="bbox 190 3551 580 3631">
     <span class='ocr_line' id='line_1_33' title="bbox 190 3551 580 3631; baseline 0 -17"><span class='ocrx_word' id='word_1_146' title='bbox 190 3551 326 3631; x_wconf 75' lang='lat' dir='ltr'><strong>expauit</strong></span> <span class='ocrx_word' id='word_1_147' title='bbox 346 3551 465 3615; x_wconf 84' lang='lat' dir='ltr'><strong>seruile</strong></span> <span class='ocrx_word' id='word_1_148' title='bbox 487 3551 580 3631; x_wconf 77' lang='lat' dir='ltr'><strong>ucfus</strong></span> 
     </span>
    </p>

    <p class='ocr_par' dir='ltr' id='par_1_28' title="bbox 188 3650 926 3723">
     <span class='ocr_line' id='line_1_34' title="bbox 188 3650 926 3723; baseline 0.001 -8"><span class='ocrx_word' id='word_1_149' title='bbox 188 3651 357 3716; x_wconf 69' lang='lat' dir='ltr'><strong>Iimrierat</strong></span> <span class='ocrx_word' id='word_1_150' title='bbox 377 3650 486 3716; x_wconf 87' lang='lat' dir='ltr'><strong>forma</strong></span> <span class='ocrx_word' id='word_1_151' title='bbox 506 3656 611 3716; x_wconf 90' lang='lat' dir='ltr'><strong>metro</strong></span> <span class='ocrx_word' id='word_1_152' title='bbox 634 3673 700 3716; x_wconf 90' lang='lat' dir='ltr'><strong>non</strong></span> <span class='ocrx_word' id='word_1_153' title='bbox 723 3652 926 3723; x_wconf 62' lang='lat' dir='ltr'><strong>admittitis</strong></span> 
     </span>
    </p>

    <p class='ocr_par' dir='ltr' id='par_1_29' title="bbox 103 3751 1069 3919">
     <span class='ocr_line' id='line_1_35' title="bbox 188 3751 1069 3838; baseline -0.005 -20"><span class='ocrx_word' id='word_1_154' title='bbox 188 3753 225 3835; x_wconf 90' lang='lat' dir='ltr'><strong>b)</strong></span> <span class='ocrx_word' id='word_1_155' title='bbox 246 3751 411 3818; x_wconf 89' lang='lat' dir='ltr'><strong>Nullum</strong></span> <span class='ocrx_word' id='word_1_156' title='bbox 433 3752 573 3816; x_wconf 86' lang='lat' dir='ltr'><strong>uerbum</strong></span> <span class='ocrx_word' id='word_1_157' title='bbox 594 3757 749 3838; x_wconf 85' lang='lat' dir='ltr'><strong>tempus</strong></span> <span class='ocrx_word' id='word_1_158' title='bbox 770 3751 923 3817; x_wconf 82' lang='lat' dir='ltr'><strong>indicans</strong></span> <span class='ocrx_word' id='word_1_159' title='bbox 946 3756 1069 3815; x_wconf 82' lang='lat' dir='ltr'><strong>exstat:</strong></span> 
     </span>
     <span class='ocr_line' id='line_1_36' title="bbox 103 3853 225 3919; baseline 0 0"><span class='ocrx_word' id='word_1_160' title='bbox 103 3853 141 3919; x_wconf 92' lang='grc' dir='ltr'>Π</span> <span class='ocrx_word' id='word_1_161' title='bbox 164 3856 225 3919; x_wconf 88' lang='grc'><strong>610</strong></span> 
     </span>
    </p>

    <p class='ocr_par' dir='ltr' id='par_1_30' title="bbox 189 3951 934 4034">
     <span class='ocr_line' id='line_1_37' title="bbox 189 3951 934 4034; baseline -0.003 -17"><span class='ocrx_word' id='word_1_162' title='bbox 189 3953 267 4017; x_wconf 82' lang='lat' dir='ltr'><strong>urbs</strong></span> <span class='ocrx_word' id='word_1_163' title='bbox 289 3958 337 4017; x_wconf 90' lang='lat' dir='ltr'><strong>cst</strong></span> <span class='ocrx_word' id='word_1_164' title='bbox 357 3953 509 4019; x_wconf 84' lang='lat' dir='ltr'><strong>Dictaeis</strong></span> <span class='ocrx_word' id='word_1_165' title='bbox 532 3952 609 4016; x_wconf 87' lang='lat' dir='ltr'><strong>otim</strong></span> <span class='ocrx_word' id='word_1_166' title='bbox 625 3971 781 4034; x_wconf 87' lang='lat' dir='ltr'><strong>possessu</strong></span> <span class='ocrx_word' id='word_1_167' title='bbox 803 3951 934 4030; x_wconf 86' lang='lat' dir='ltr'><strong>cotom&#39;s,</strong></span> 
     </span>
    </p>

    <p class='ocr_par' dir='ltr' id='par_1_31' title="bbox 189 4052 1095 4135">
     <span class='ocr_line' id='line_1_38' title="bbox 189 4052 1095 4135; baseline -0.001 -18"><span class='ocrx_word' id='word_1_168' title='bbox 189 4073 270 4135; x_wconf 81' lang='lat' dir='ltr'><strong>quos</strong></span> <span class='ocrx_word' id='word_1_169' title='bbox 295 4053 391 4119; x_wconf 80' lang='lat' dir='ltr'><strong>Creta</strong></span> <span class='ocrx_word' id='word_1_170' title='bbox 407 4052 569 4135; x_wconf 82' lang='lat' dir='ltr'><strong>profupes</strong></span> <span class='ocrx_word' id='word_1_171' title='bbox 591 4073 705 4117; x_wconf 80' lang='lat' dir='ltr'><strong>uerrere</strong></span> <span class='ocrx_word' id='word_1_172' title='bbox 721 4072 784 4133; x_wconf 90' lang='lat' dir='ltr'><strong>per</strong></span> <span class='ocrx_word' id='word_1_173' title='bbox 806 4071 951 4133; x_wconf 83' lang='lat' dir='ltr'><strong>aequora</strong></span> <span class='ocrx_word' id='word_1_174' title='bbox 966 4071 1095 4133; x_wconf 86' lang='lat' dir='ltr'><strong>puppes</strong></span> 
     </span>
    </p>

    <p class='ocr_par' dir='ltr' id='par_1_32' title="bbox 194 4154 365 4235">
     <span class='ocr_line' id='line_1_39' title="bbox 194 4154 365 4235; baseline -0.006 -16"><span class='ocrx_word' id='word_1_175' title='bbox 194 4154 365 4235; x_wconf 73' lang='lat' dir='ltr'><strong>Cecropiae</strong></span> 
     </span>
    </p>
   </div>
   <div class='ocr_carea' id='block_1_3' title="bbox 0 0 1422 4672">
    <p class='ocr_par' dir='ltr' id='par_1_33' title="bbox 0 0 1422 4672">
     <span class='ocr_line' id='line_1_40' title="bbox 0 0 1422 4672; baseline 0 1"><span class='ocrx_word' id='word_1_176' title='bbox 0 0 1422 4672; x_wconf 95' lang='lat' dir='ltr'><strong> </strong></span> 
     </span>
    </p>
   </div>
  </div>
 </body>
</html>
