2850 4666
1169 185 1228 248 139

144 343 265 410 Totius
288 345 390 411 huius
412 366 494 411 usus
516 345 609 431 origo
631 346 811 433 repetenda
833 369 904 413 esse
924 347 1062 413 uidetur
1076 351 1112 415 in
1128 352 1272 437 ancipiti

58 445 97 510 ui
123 445 290 511 eiusmodi
316 445 499 511 formarum
521 447 723 524 uerbalium,
747 448 870 534 quibus
893 449 1107 533 significatur
1128 458 1163 516 et
1184 450 1271 519 actio

59 549 145 634 ipsa,
174 569 259 633 quae
281 549 463 634 praeterito
485 554 634 635 tempore
655 554 752 633 gesta
774 556 835 627 eet,
858 554 891 615 et
913 550 949 614 id
970 551 1058 636 quod
1080 549 1209 617 actione
1231 573 1271 617 ea

10 668 12 673 ·
59 647 216 726 efficitur,
243 649 266 712 i.
290 669 316 713 e.
343 649 481 735 quidam
507 648 736 735 praesentium
761 671 873 714 rerum
900 655 1019 716 status.
1063 651 1105 716 in
1128 673 1270 737 quarum

58 771 198 815 numero
225 754 305 814 eunt
330 747 512 835 participia
537 749 678 837 perfecti
701 756 735 815 et
757 751 936 816 nonnuHae
958 750 1100 837 perfecti
1123 757 1157 818 et
1178 751 1270 838 plus-

59 850 303 937 quamperfecti
334 850 469 916 formae.
513 851 656 916 Accedit
689 873 778 928 uero,
806 851 895 936 quod
921 851 1000 915 olim
1025 852 1116 918 uocis
1139 859 1271 918 exstare

57 951 221 1016 uidentur
243 951 527 1036 significationum
548 953 683 1037 gradus,
706 973 790 1039 quos
812 951 918 1017 alium
939 971 981 1018 ex
1003 953 1070 1018 alio
1093 953 1270 1020 deriuare¹

58 1052 148 1118 licet.
193 1049 280 1118 Sunt
301 1051 339 1116 hi
360 1052 501 1136 gradus:
530 1055 563 1136 a)
585 1074 640 1118 ›en
661 1055 753 1138 gang
774 1054 788 1117 i
808 1052 928 1130 tidem,
951 1052 987 1137 b)
1009 1051 1095 1119 »forr
1117 1055 1129 1118 i
1150 1053 1270 1134 tidem,

59 1154 92 1236 c)
124 1151 192 1218 ‚for
223 1153 322 1237 lenge
355 1153 481 1219 sedan».
536 1152 591 1219 Ex
623 1153 686 1219 hac
712 1152 959 1238 significatione
982 1153 1059 1218 olim
1082 1155 1173 1220 uocis
1195 1177 1270 1220 oum

59 1253 132 1318 illie
166 1253 283 1318 formis
315 1254 508 1319 uerbalibus
542 1256 736 1319 coniunctae
769 1252 868 1319 facile
894 1253 1056 1341 explicari
1082 1253 1220 1321 uidetur
1242 1257 1271 1322 is

61 1353 142 1418 olim
163 1354 259 1420 uerbi
280 1376 371 1433 usus,
394 1354 570 1441 quoidam
592 1353 661 1420 fere
684 1355 854 1439 significat
877 1356 966 1441 quod
980 1355 1186 1422 iamdudum.
1216 1355 1271 1422 Ex

61 1478 99 1521 ea
133 1454 387 1540 significatione,
422 1477 523 1542 quam
555 1454 672 1521 littera
704 1457 738 1541 a)
771 1455 991 1540 signauimuS,
1020 1456 1179 1536 deriuata
1200 1477 1271 1524 esse

60 1556 199 1623 uidetur
231 1577 279 1634 ea,
313 1577 380 1644 qua
413 1555 545 1642 aliquid
576 1556 649 1622 fieri
682 1556 787 1622 solere
820 1555 1004 1638 indicatum
1042 1558 1092 1623 cfr
1124 1559 1270 1624 similem

59 1678 199 1743 graecae
221 1655 323 1735 uncie,
347 1678 433 1742 quae
455 1662 506 1722 est
527 1662 620 1734 ποτέ,
643 1679 751 1722 usum.

145 1756 212 1823 Sed
244 1758 287 1822 ad
319 1756 530 1846 propositum
556 1759 741 1824 redeamus.
785 1758 862 1824 Non
884 1757 1077 1844 negauerim
1101 1757 1271 1825 difficilem

59 1880 131 1925 esee
157 1858 334 1943 uulgatam
359 1859 537 1924 lectionem
562 1859 741 1946 explicatu.
786 1856 844 1923 An
866 1859 898 1924 h.
921 1860 943 1923 l.
966 1859 1123 1925 Lucanus
1146 1882 1270 1939 uocem,

59 1981 147 2047 quae
169 1964 221 2026 est
233 1964 392 2039 potentes,
408 1982 508 2025 sensu
522 1958 680 2047 pleniore,
701 1965 740 2024 ut
759 1960 809 2025 ita
828 1959 946 2038 dicam,
968 1958 1125 2025 adhibuit
1139 1991 1173 2015 =
1188 1961 1270 2025 »do-

59 2061 158 2125 mini
179 2059 346 2125 rerumr?
388 2057 498 2126 Aoute
520 2061 661 2126 coniecit
677 2060 713 2127 C.
729 2083 796 2125 van
811 2059 836 2126 J
836 2081 915 2125 ever
929 2061 1112 2141 soliumque
1121 2065 1270 2140 petentes

58 2160 267 2247 (·(3)olioique
285 2175 319 2235 >
339 2161 494 2242 olimpum
510 2165 630 2243 potens
649 2167 683 2227 et
693 2166 809 2243 peteme
824 2182 922 2247 saepe
938 2159 1214 2245 confunduntur),
1229 2198 1271 2211 —·

58 2413 98 2479 Π
121 2415 189 2580 2ἒί
205 2515 338 2595 placuit
360 2512 500 2578 ducibus
521 2514 678 2579 scelerum
693 2513 876 2595 populique
897 2513 1041 2594 furentis

144 2614 297 2680 cladibus
318 2615 504 2681 immixtum
527 2616 624 2680 ciuile
647 2615 817 2680 absoluere
840 2614 982 2679 bellum?

144 2764 321 2832 Francken
347 2768 472 2855 recepit
496 2766 707 2833 Hensianum
733 2767 893 2845 immixto,
919 2765 1094 2832 lectionem
1120 2765 1270 2830 codicum

59 2867 237 2933 obscuram
259 2889 331 2934 esse
353 2867 536 2934 affirmans:
560 2889 631 2933 esse
653 2866 744 2934 enim
765 2889 825 2953 pro
848 2864 1098 2953 compositionis
1120 2866 1193 2950 lege
1213 2888 1270 2930 no·

58 2969 153 3033 mina
184 2967 221 3033 in
251 2989 390 3034 caesura
416 2974 451 3037 et
476 2968 570 3035 exitu
592 2990 711 3034 uersus
734 2967 892 3033 similiter
914 2966 1068 3032 cadentia
1090 2966 1270 3050 iungenda.

60 3069 127 3136 Sed
160 3068 397 3136 obscuritatem
429 3091 559 3136 omnem
592 3070 708 3134 toliere
735 3069 872 3134 uidetur
893 3068 1001 3154 ipsius
1023 3065 1122 3131 uerbi
1144 3088 1270 3159 sensus.

60 3168 228 3236 Haekins:
262 3171 463 3235 »immixtam
496 3193 540 3236 sc.
575 3175 628 3235 tc».
683 3167 798 3235 Credit
830 3167 990 3233 nimirum
1018 3167 1051 3231 h.
1078 3168 1100 3232 l.
1123 3165 1270 3232 inueniri

60 3275 276 3351 structuram,
314 3272 429 3358 quales
466 3273 645 3358 praecipue
682 3271 773 3357 apud
804 3268 930 3356 priscos
962 3266 1104 3333 Latinos
1137 3273 1271 3332 exstant

59 3370 153 3437 haud
174 3392 265 3452 rara;
287 3373 405 3437 velut²
638 3356 640 3366 ι

151 3522 249 3588 Volo:

59 3639 172 3707 Plaut.
195 3639 320 3728 Amph.
344 3644 404 3708 662

146 3740 243 3824 atque
265 3743 302 3806 id
323 3763 356 3806 se
378 3743 450 3807 uolt
472 3742 624 3823 imperim,
647 3743 738 3806 stom
761 3741 888 3806 obitum
911 3743 948 3802 ct
971 3735 1172 3802 desiderem?
1258 3774 1260 3778 -

59 3840 173 3908 Plaut
196 3839 295 3909 Asin.
320 3846 381 3909 183

144 3944 214 4008 molt
228 3943 361 4043 placere
384 3946 453 4009 se'se
476 3945 610 4023 amicae,
633 3941 703 4008 molt
725 3941 816 4020 metiri,
839 3941 910 4006 uolt
926 3939 1125 4022 pedisequae
1226 3993 1228 3999 .

146 4133 156 4164 ¹
173 4133 212 4184 De
229 4148 283 4197 qua
299 4148 326 4183 re
343 4132 404 4183 uide
422 4131 453 4183 Δ.
472 4132 594 4183 Weidner
612 4131 645 4182 ad
662 4131 781 4182 quenci.
800 4130 825 4180 X
844 4127 900 4180 143.

145 4199 286 4264 ¹1)er
311 4201 371 4263 vgl.
395 4200 471 4264 Synt.
493 4200 521 4250 11
543 4215 586 4264 pp.
602 4196 653 4251 380
670 4212 739 4261 eqq.;
756 4194 806 4248 397
824 4211 881 4262 sqq.
900 4211 951 4247 non
968 4194 1056 4246 omnia
1072 4193 1152 4244 uerba
1170 4191 1270 4242 attulit
