2836 4672
152 147 213 212 126

192 312 333 393 fletibus,
357 318 418 377 ent
434 313 555 400 patrii,
579 311 701 377 indice
722 311 801 382 dnm
822 315 900 377 note
921 312 1043 378 scintis

194 414 408 494 conciperent,
432 419 561 478 tennere
585 413 681 478 teres.

193 564 259 630 Pro
282 565 496 645 conciperent,
524 565 613 651 quod
635 564 795 630 exhibent
816 564 945 631 codices
965 586 1078 630 omnes
1102 571 1239 653 excepto
1259 565 1310 652 D„

108 665 285 731 Francken
308 687 383 730 eum
404 665 558 731 Bentleio
580 671 614 731 et
636 664 871 751 Oudendorpio
893 667 1019 752 recapit
1037 666 1216 732 lectionem
1234 667 1310 732 codi-

109 766 157 831 cis
189 765 250 851 D„
284 766 476 847 conciperet,
504 765 623 831 docens
649 766 739 831 inter
762 771 814 831 tot
834 765 983 852 plurales
1005 767 1066 831 uix
1087 768 1238 855 potuisse
1258 768 1308 832 im-

109 871 233 932 motam
260 888 393 932 manere
420 866 625 951 singularem
651 867 803 932 formam.
847 865 957 948 Quam
984 867 1196 953 corruptelae
1217 867 1308 954 expli-

109 968 233 1034 candae
255 969 420 1033 rationem
441 966 527 1031 mihi
547 967 641 1031 nullo
664 968 760 1032 modo
781 968 910 1054 probat.
954 967 1061 1047 Duae,
1083 969 1213 1055 opinor,
1235 967 1306 1033 diffi-

108 1069 252 1134 cultates
274 1067 543 1134 emendatoribus
565 1067 697 1134 obstare
719 1069 813 1134 uisae
835 1074 924 1148 sunt,
946 1070 1126 1156 quominus
1148 1069 1246 1135 lectio
1265 1089 1304 1133 eo

109 1169 220 1234 dicum
243 1190 328 1256 quae
350 1173 401 1234 est
422 1168 629 1247 conciperent
650 1190 731 1234 uera
753 1190 824 1234 esse
845 1175 970 1256 posset:
993 1191 1070 1247 una,
1091 1169 1183 1256 quod
1197 1170 1304 1234 incon·

109 1270 205 1334 mode
230 1269 411 1335 uidebatur
436 1269 605 1355 particula
631 1269 703 1348 hae,
731 1274 799 1348 ont,
821 1270 938 1335 induci
959 1271 1128 1335 sententia
1150 1270 1301 1354 negatiue,

109 1371 164 1434 cui
186 1392 260 1434 cum
283 1369 555 1436 antecedentibus
577 1368 665 1434 nihil
687 1370 783 1435 aliud
797 1391 969 1436 commune
984 1375 1072 1435 esset
1086 1392 1189 1457 quam
1203 1389 1299 1435 sensus

108 1471 302 1554 negatiuus;
336 1471 443 1536 altera
475 1470 552 1547 fuit,
586 1471 675 1558 quod
707 1472 829 1536 omisso
862 1471 989 1536 obiecto
1019 1471 1195 1536 absolutus
1222 1468 1298 1534 uerbi

109 1575 240 1634 tennere
272 1592 353 1635 usus
385 1570 573 1636 tolerabilis
600 1593 666 1636 non
692 1571 881 1636 uidebatur.
926 1569 992 1638 Sed
1017 1571 1061 1636 ad
1082 1571 1180 1636 illam
1201 1567 1295 1635 dissol·

108 1671 253 1737 uendam
275 1669 359 1736 satis
381 1669 447 1735 erit
470 1669 589 1737 afferre
612 1671 765 1758 exempla
786 1670 952 1750 Lucanae,
974 1671 1092 1758 qualia
1114 1676 1193 1737 sunt

107 1819 200 1888 VIII
221 1824 282 1887 377
305 1841 371 1886 non
393 1821 482 1885 eries
502 1821 582 1901 iilic,
604 1841 671 1885 non
693 1821 765 1885 nilo
787 1827 834 1886 est
856 1820 1012 1886 machino
1034 1821 1122 1902 belii,

193 1927 253 1986 ent
273 1921 383 2002 fossos
404 1922 539 2002 impiere
560 1923 683 2001 nolent,
708 1972 764 1987 ...

106 2022 160 2089 IX
182 2025 243 2089 928
277 2073 441 2088 ......
474 2042 533 2086 nec
554 2023 614 2088 det
634 2025 786 2104 suspirio
808 2044 923 2089 cerens

191 2123 347 2202 noineriS,
371 2130 431 2189 ent
452 2124 625 2188 minionncn
642 2125 823 2206 potientur
842 2125 917 2206 foto
940 2130 1058 2190 tacere.

191 2289 306 2380 Atque
328 2291 414 2357 hanc
435 2290 513 2355 tolli
534 2292 734 2372 uidebimus,
757 2294 788 2358 si
809 2294 1053 2379 inspexerimus
1073 2292 1222 2358 tabulam
1236 2306 1289 2354 eam

107 2393 285 2458 uerborum
320 2392 472 2458 absolute
505 2392 742 2473 adhibitorum,
777 2415 879 2481 quam
911 2394 1025 2459 uersui
1059 2395 1120 2459 126
1153 2391 1228 2458 libri
1252 2381 1290 2453 VI

107 2493 209 2559 affixi.
253 2493 366 2559 Pauca
388 2515 502 2558 eorum
523 2492 579 2558 hic
601 2492 720 2559 afferre
742 2494 839 2559 libet:

106 2626 229 2693 11495
252 2627 424 2693 obstruitis
445 2647 577 2707 campos
598 2627 777 2709 tinniisqne
800 2647 908 2692 oreere
924 2627 1064 2708 peratis

106 2728 208 2794 1407
243 2778 439 2793 .......
472 2728 562 2792 colna
582 2749 647 2793 sno
670 2728 783 2795 littore
806 2729 918 2793 tnrbet

194 2828 324 2894 Circius
345 2833 376 2893 et
398 2834 470 2893 tnto
486 2829 640 2911 prohibet
661 2830 803 2895 statione
825 2829 976 2894 Monoeci

105 2929 138 2996 V
159 2931 223 2994 440
244 2929 350 2994 rnnlto
372 2930 502 3012 quiden
518 2930 696 3011 prohibent
717 2936 877 2995 noetnrno
900 2930 1029 2996 credere
1045 2935 1152 3011 ponto

106 3029 165 3095 III
188 3033 248 3096 132
265 3032 365 3111 pecie
388 3032 431 3095 od
453 3033 632 3097 enienstoe
653 3031 796 3112 spolium
819 3051 884 3095 non
906 3031 994 3113 cepit
1015 3035 1145 3113 epeetos

105 3130 160 3196 IX
183 3133 243 3197 928
277 3181 473 3197 .......
506 3152 564 3196 nee
586 3132 646 3196 dat
666 3132 816 3213 suspicio
837 3152 952 3196 cnrsne

190 3231 346 3311 nolneriS,
369 3238 429 3297 ont
450 3233 624 3297 minimncn
640 3234 826 3314 patinntnr
846 3232 920 3313 foto
943 3238 1057 3298 tacere.

105 3331 159 3398 IX
183 3334 264 3398 1062
298 3382 431 3398 .....
454 3354 511 3398 nec
533 3354 600 3398 non
622 3333 674 3397 nes
695 3334 810 3414 follere
831 3335 966 3399 necibus
988 3334 1096 3399 undet.

165 3497 340 3600 ‘Subiecti
365 3501 436 3567 loeo
464 3502 602 3568 auditur
627 3502 862 3588 (conciperent)
887 3478 1030 3589 pluralis
1053 3502 1166 3589 qualis
1188 3505 1235 3568 est
1252 3495 1293 3561 n·

105 3601 210 3666 mines
231 3601 287 3667 uel
308 3602 376 3668 tole
399 3603 540 3689 aliquid.
583 3601 640 3669 Ita
662 3604 835 3689 scriptoris
858 3604 968 3668 animo
990 3625 1079 3668 nune
1100 3598 1293 3691 unusquis·

105 3722 177 3788 que
200 3705 251 3788 (=
270 3703 406 3787 nullos),
429 3725 517 3768 nunc
540 3725 668 3769 omnes
691 3704 864 3769 obuersari
885 3703 1058 3784 uidentur,
1081 3705 1179 3770 uelut

104 3834 157 3902 IV
178 3838 220 3902 40
356 3837 443 3901 nnlli
466 3837 564 3901 telem
586 3838 721 3902 uibrare
743 3837 889 3916 necenit,

189 3937 267 4000 dnm
291 3937 381 4002 lebet
404 3942 434 4001 et
454 3939 522 4018 fico
544 3938 659 4017 firmet
685 3937 828 4020 nestipic
843 3937 927 4018 pilo,

189 4038 267 4102 dnm
288 4039 440 4119 scopulos
462 4038 641 4120 stirpesque
663 4043 772 4104 tenent
794 4043 892 4120 otqne
914 4037 1005 4104 noete
1025 4039 1138 4105 relicto

188 4140 331 4203 ceednnt
353 4159 425 4202 ense
447 4138 549 4203 niocn.
