2836 4672
173 190 177 196 ’
222 206 264 269 31

264 372 301 456 b)
322 369 363 436 In
386 378 470 435 sent
493 369 729 435 secundarie

180 471 252 539 VII
274 474 335 536 217

517 590 636 635 carnae
658 570 718 634 troi
740 590 821 633 eura
841 569 984 646 sinistri,

264 672 412 750 Lentule,
424 671 625 752 cumprime,
635 691 720 751 qnae
731 675 800 733 tnm
810 673 903 754 (tane
913 667 1077 752 VPUG)
1086 669 1153 749 fnit
1163 669 1289 749 optim
1297 667 1370 745 aaa,

266 779 296 837 et
318 778 441 854 quarta
464 772 590 853 lepione
611 771 714 835 datar

265 874 455 940 Perfectum
488 872 640 938 adhiberi
672 872 817 948 uidetur,
850 871 910 935 ubi
941 870 999 936 uel
1030 892 1091 956 per
1116 891 1152 935 se
1175 876 1312 936 tentum
1333 890 1380 934 res·

180 976 355 1063 praeteriti
376 974 536 1059 temporis
555 976 831 1038 commemoratur
844 1010 887 1018 —
900 977 973 1036 tum
988 972 1032 1037 ed
1046 969 1119 1035 uim
1132 969 1372 1057 plusquamper-

181 1077 261 1142 feoti
283 1076 417 1160 saepius
440 1072 568 1139 aceedit
588 1110 631 1121 -
652 1073 709 1137 uel
729 1073 828 1158 quusi
849 1073 885 1136 in
904 1071 1054 1137 mannito
1068 1072 1177 1136 solum
1193 1069 1374 1136 enuntiatur

182 1176 323 1265 aliquid.
380 1172 606 1259 comparendi
642 1179 723 1238 sunt
758 1172 824 1236 duo
859 1172 934 1251 loci,
971 1172 1096 1258 quibus
1131 1172 1175 1237 ed
1212 1172 1373 1237 discrimen

159 1348 162 1355 ,
182 1274 427 1362 dispiciendum
448 1275 593 1339 multum
614 1273 830 1353 adiuuemur3
852 1274 889 1337 id
908 1273 1017 1338 solum
1031 1272 1212 1338 dolendum
1226 1277 1288 1350 est,
1302 1267 1374 1358 quod

182 1382 287 1441 metro
308 1397 374 1440 non
396 1374 504 1439 fultae
525 1379 606 1438 sunt
625 1379 813 1458 temporum
835 1374 975 1439 formae:

182 1475 272 1542 VIII
294 1478 355 1541 635

580 1575 660 1639 tatis
681 1575 832 1639 custodia
853 1574 986 1656 Mapno

265 1676 383 1741 mentis
404 1681 484 1753 erat,
506 1676 560 1740 ins
580 1676 639 1740 hae
661 1676 766 1739 animi
787 1676 959 1739 morientis
979 1674 1124 1740 habebat.

383 1877 419 1941 ae
440 1897 552 1954 mereo,
575 1877 655 1940 haee
676 1876 753 1939 dnri
773 1877 910 1940 immota
933 1877 1070 1944 Oatanir

265 1983 354 2045 serta
375 1978 451 2058 fnit,
473 1997 605 2042 seruare
627 1978 759 2041 modam
781 1975 928 2057 finesque
950 1983 1056 2042 tenere

265 2084 485 2160 naturamque
505 2078 600 2159 sequi
615 2079 818 2159 patriaeque
840 2077 1026 2158 impendere
1047 2079 1153 2142 nitam

265 2201 324 2246 nee
344 2179 417 2259 eibi,
439 2180 498 2244 sed
520 2179 581 2243 toti
602 2181 806 2261 penitense
828 2179 954 2243 eredere
976 2180 1109 2243 mnndo.
1132 2200 1160 2244 e.
1181 2201 1213 2265 q.
1238 2201 1263 2243 s.
1413 2222 1415 2265 !

266 2281 348 2347 Fnit
370 2282 544 2368 sequentia
565 2281 726 2345 nimirum
749 2285 888 2366 spectat.
932 2278 1001 2344 Ubi
1022 2280 1087 2364 (cfr
1104 2279 1124 2343 I
1139 2282 1201 2344 119
1217 2282 1305 2366 sqq.)
1318 2279 1377 2342 iure

183 2383 363 2449 adhibetur
383 2382 483 2468 perf.;
505 2403 583 2446 nem
605 2386 704 2467 poeta
725 2380 812 2446 forte
833 2382 1038 2446 occasionem
1056 2380 1216 2446 laudibus
1231 2379 1377 2446 Catonern

183 2483 373 2549 celebrandi
394 2487 514 2548 nactus
535 2483 634 2567 quasi
656 2482 692 2546 in
713 2481 862 2547 transitu
884 2480 965 2547 haec
987 2482 1116 2546 inserit

266 2581 368 2648 Hune
393 2581 503 2648 locum
526 2581 725 2665 diligentius
747 2583 938 2646 examinare
960 2603 1026 2645 non
1049 2582 1114 2646 erit
1135 2581 1295 2661 alienum,
1317 2580 1377 2644 diae

184 2681 273 2750 VIII
295 2688 337 2748 14
1278 2675 1281 2680 ’

727 2781 825 2846 reniti
844 2780 1039 2845 Pharsalica
1061 2786 1174 2846 eastra

267 2904 366 2965 qaam
382 2887 531 2964 peterent
552 2883 698 2946 nondam
720 2882 814 2963 fama
829 2881 991 2962 prodente
1011 2885 1138 2962 rainae,

268 3005 404 3052 oeonrea
424 2990 578 3065 stupuere
601 2983 694 3047 dneis
716 2983 879 3065 aertipine
901 3003 1009 3047 rernm

268 3085 410 3163 attoniti,
432 3082 600 3164 eladrcqne
620 3103 701 3148 snae
722 3084 781 3148 nin
802 3085 872 3164 epea
893 3084 1003 3164 fidelis

268 3190 384 3250 aneton
406 3190 484 3250 erat.

267 3284 403 3371 Imperi.
420 3284 610 3370 significare
624 3285 774 3352 uidetur:
798 3285 883 3353 »0011
899 3286 982 3373 sjnlf
994 3308 1056 3351 ver
1069 3286 1137 3352 hun
1149 3285 1251 3353 ooksd
1262 3288 1382 3374 lmappt

183 3391 272 3453 rdtte
292 3407 436 3452 mannen
458 3390 511 3450 an
531 3407 573 3470 ge
593 3387 798 3473 fflffcrljtlig
819 3388 1030 3475 upplysning
1051 3410 1104 3453 om
1127 3387 1188 3451 sitt
1208 3388 1382 3473 nederlagn

185 3486 316 3574 Quippe
339 3490 416 3551 ante
432 3486 560 3552 cladem
575 3492 744 3573 acceptam
758 3489 859 3573 fugae
874 3511 908 3554 se
924 3489 1151 3553 mandauerat.
1183 3485 1249 3553 Sed
1266 3509 1383 3563 sensae,

184 3608 282 3675 quem
303 3586 336 3650 h.
358 3586 381 3650 l.
404 3587 572 3673 requirere
594 3588 702 3672 primo
724 3589 860 3654 uidetur
881 3611 992 3654 rerum
1015 3589 1126 3666 serien,
1146 3586 1202 3653 hic
1218 3594 1283 3654 est:
1307 3587 1384 3655 ›Oah

184 3710 262 3753 men
287 3686 369 3752 ville
395 3686 526 3773 knappt
550 3692 613 3766 tra,
637 3687 910 3755 acherianae
933 3689 1087 3773 sunning,
1110 3699 1172 3752 1151
1193 3688 1261 3754 hen
1284 3689 1385 3755 berit

184 3789 262 3854 tede
284 3809 337 3852 om
359 3787 420 3851 sitt
442 3792 518 3870 eget
539 3786 721 3872 nederlag.›
836 3806 839 3812 ·

184 3887 243 3954 ΙΠ
266 3890 326 3954 755

723 3992 865 4055 nonalia
881 4009 1014 4071 paneae

264 4090 444 4170 praecipiti
467 4096 596 4154 tennere
617 4090 708 4173 faya.
731 4130 772 4140 -
795 4092 869 4171 qais
890 4093 928 4156 in
950 4091 1027 4155 arbe
1043 4097 1223 4172 parenteia

267 4190 364 4269 fletae
387 4191 476 4254 erat!
497 4191 613 4272 qnanti
635 4185 779 4256 matram
796 4212 859 4271 per
881 4193 998 4257 littora
1014 4192 1191 4273 planetas!
