2836 4672
1185 209 1225 271 13

56 374 129 444 Vix
159 396 244 463 opus
277 375 342 439 erit
374 372 459 438 mihi
486 395 617 439 monere
638 373 689 438 ita
711 379 912 460 usurpatum
934 394 1092 460 praesens
1115 380 1148 438 et
1170 373 1265 461 impi.

55 497 155 562 saepe
187 474 340 560 excipere
372 496 406 539 se
438 472 598 555 inuicem3
624 496 675 539 ex.
698 496 748 558 gr.
770 472 790 538 Ι
812 477 873 540 618
896 494 980 562 sqq.;
1002 472 1062 540 III
1084 476 1266 555 aua-4253

55 575 90 640 X
114 578 295 655 111-1353
317 573 371 639 IX
394 577 455 639 633
476 574 693 659 (describitur
714 579 817 660 caput
838 573 1012 659 Medusae)

141 679 217 756 ipsu
238 674 451 757 [depellebant
472 675 646 756 pendeatis
668 675 753 740 collo
774 674 942 739 Medusae.

140 780 285 858 carpunt
306 776 445 839 aduersu
465 775 630 840 subrectae
651 776 758 856 fronte
780 776 940 854 colubrae,

141 878 373 956 uipereumque
394 874 471 953 fluit
492 875 611 955 depexo
635 877 724 940 cotue
745 897 915 941 uenenum.

141 976 185 1042 In
219 977 395 1052 sententia,
429 997 516 1062 quae
548 977 716 1063 particule
742 976 956 1062 explicatius,
984 998 1070 1064 quae
1093 982 1144 1042 est
1167 975 1266 1057 quod,

51 1077 240 1155 inducitur,
263 1097 419 1162 praesens
434 1076 513 1142 hist
530 1077 631 1142 semel
645 1075 762 1141 inueni
777 1077 817 1142 de
833 1077 998 1161 qualitate
1013 1082 1136 1142 natura
1151 1078 1266 1154 insita,

143 1277 202 1343 hoc
224 1297 350 1360 quoque
373 1282 438 1341 tom
460 1283 572 1341 uastas
593 1278 776 1342 cumulandi
797 1298 930 1342 mucore
951 1280 1040 1342 uires

143 1384 230 1443 terro
251 1380 306 1443 sai
327 1379 421 1459 feias,
446 1379 541 1459 qaod,
565 1399 664 1458 qaum
688 1379 820 1459 tetipere
836 1384 1017 1459 parentem,

143 1482 211 1543 iam
235 1479 357 1559 defecto
379 1480 493 1561 ciperet
513 1484 662 1543 reuocato
684 1478 798 1542 robore
819 1479 971 1543 membro.

143 1580 267 1645 Restat
287 1584 328 1645 ut
350 1580 394 1643 de
416 1583 623 1665 praesente
645 1579 777 1644 futuri
798 1581 957 1645 uicibus
979 1580 1141 1664 fungente
1160 1601 1267 1666 pauca

56 1681 249 1746 afferamus
294 1680 345 1745 De
378 1679 440 1745 hoc
472 1680 581 1745 futuri
613 1680 703 1766 apud
728 1681 856 1767 priscos
882 1679 1023 1746 comicos
1043 1701 1108 1745 usu
1130 1681 1201 1764 egit
1222 1679 1266 1745 H.

55 1781 222 1867 Sjogren1
244 1804 299 1868 pp.
323 1783 436 1846 6-39.

143 1880 250 1946 Recte
281 1880 382 1947 Blase
414 1881 437 1945 1.
470 1881 493 1944 l.
526 1903 558 1967 p.
594 1883 668 1946 108:
709 1880 794 1946 »Der
824 1881 974 1947 futurale
1000 1879 1189 1948 Choraktar
1210 1881 1267 1945 des

55 1982 204 2048 Prdsens
231 1982 343 2067 ergibt
365 1980 437 2047 sich
459 1982 578 2044 immer
600 2003 661 2046 eus
685 1982 759 2046 dem
780 1980 1073 2066 Zusammenhang
1094 1980 1154 2046 der
1175 1980 1267 2046 Rode

56 2083 138 2148 oder
161 2081 344 2147 Sitnation.
389 2080 449 2146 Oft
471 2081 595 2147 weisen
617 2081 792 2147 Aduerbio
813 2083 878 2147 wie
895 2133 902 2144 .
920 2134 926 2147 .
944 2132 976 2147 ..
997 2082 1202 2160 carambin,
1218 2082 1268 2146 oft

56 2182 145 2249 auch
168 2184 242 2248 eine
260 2181 525 2248 benachbarte
540 2182 719 2247 futurele
733 2181 1011 2248 Verbaiiorm.»
1036 2181 1169 2269 Ubique
1185 2183 1267 2247 adeo

56 2283 274 2348 uehementer
295 2283 407 2346 animo
428 2282 599 2369 loquentis
622 2283 845 2348 obuersantur
865 2283 1000 2348 futurae
1022 2305 1084 2361 res,
1107 2286 1147 2347 ut
1170 2283 1268 2369 quasi

55 2388 250 2471 praesentes
276 2383 472 2463 uideantur;
499 2383 549 2448 cir
575 2381 854 2449 uaticinationem
876 2389 1047 2448 matronae
1069 2383 1185 2448 diuino
1208 2405 1266 2447 nu·

56 2483 149 2549 mine
182 2483 363 2548 instinctas
396 2481 416 2547 Ι
446 2486 506 2548 678
534 2504 605 2570 sqq.
648 2483 804 2549 Lucanae
826 2483 979 2570 exempla
1000 2505 1065 2549 non
1088 2483 1268 2549 admodum

54 2585 240 2670 conspicua
265 2587 357 2648 sunt:

143 2785 244 2849 Bello
260 2806 323 2865 per
343 2783 518 2850 Emathios
533 2786 615 2864 plus
637 2806 733 2867 quom
756 2786 872 2850 ciuilia
894 2805 1025 2866 earrcpos

143 2888 259 2967 iusque
282 2887 395 2950 uatum
417 2885 549 2950 secleri²
571 2889 721 2951 eunomus

147 3020 181 3042 =
197 2973 338 3051 »iimmot
359 2987 412 3051 for
433 2987 503 3050 min
526 2987 612 3071 sitng
634 2997 673 3051 tr
689 3014 808 3052 ......

54 3088 74 3154 Ι
99 3091 162 3154 286

143 3209 231 3251 utone
254 3209 355 3268 coque
378 3193 407 3250 te
431 3188 523 3269 loupe'
544 3193 737 3252 corruentem
754 3207 878 3267 pocupu
901 3187 1062 3267 triuoepiu'

143 3289 265 3369 excipit

54 3390 75 3456 Ι
98 3393 161 3456 373

143 3511 200 3554 uec
222 3490 308 3554 ciuis
329 3509 419 3553 rueres
441 3495 496 3568 est,
520 3492 556 3553 iu
580 3511 670 3570 quem
695 3490 918 3568 aecclaesiae,
945 3489 1075 3568 Caesar,

144 3591 289 3654 audiero.

55 3691 98 3757 Π
120 3695 181 3756 283

144 3813 231 3856 nuuc
254 3812 355 3873 oeque
376 3790 513 3872 Pompee¹
539 3790 680 3856 Brutum
703 3813 760 3856 uec
786 3791 936 3856 Caesaris
957 3793 1090 3868 hostem,

137 3897 216 3972 posi
238 3891 358 3956 bellum
379 3894 517 3956 cocciores
538 3890 642 3956 hebes,

144 4013 332 4063 ¹Insoribitur
358 4015 425 4063 libor
451 4015 499 4063 ille
521 4014 585 4062 Zum
608 4013 744 4064 Gebrauch
768 4012 812 4063 des
830 4013 973 4064 Futurums
991 4013 1027 4062 im
1045 4012 1268 4062 Altlateiniaohen

61 4077 301 4211 (Uppspquffilq
322 4148 407 4198 futuri
430 4150 456 4198 et
478 4148 623 4212 praesentis
641 4146 672 4197 dc
689 4147 829 4211 prooemiis
847 4147 978 4212 epicorum
997 4147 1142 4196 carminum
1160 4149 1268 4211 sumpta

61 4214 167 4276 collegit
183 4213 351 4266 Samuelssou
369 4217 388 4265 Ι.
407 4217 424 4264 l.
443 4231 486 4278 pp.
505 4213 522 4265 6
540 4230 578 4278 sq.
