2836 4672
1142 145 1203 210 199

120 309 318 377 Subieotum
340 332 381 376 ex
403 308 531 376 abieoto
553 309 764 380 antecedenti
786 309 991 376 audiendum
1013 316 1078 376 est:

121 514 288 593 captiuam
311 517 436 577 tremere
459 512 579 590 dacem,
603 513 749 593 aiaisqae
769 512 901 593 superbi

121 615 268 678 constitit
288 617 363 677 ante
379 613 491 694 pedes.

75 711 90 778 i
111 717 153 779 34

240 813 303 879 iae
325 814 446 879 hostem
462 815 592 895 pariter
614 818 778 894 terrorque
794 813 967 896 pudorque

121 914 264 995 impulit,
288 919 319 979 et
339 920 433 996 rapto
457 915 619 979 tamaium
635 915 732 994 prior
752 915 884 995 aymine
906 915 999 994 oepit.

75 1020 191 1081 mortus
212 1016 306 1080 loeus
329 1019 380 1081 est
401 1014 440 1081 H
461 1018 522 1080 217

575 1134 633 1179 aea
654 1116 721 1179 iam
743 1115 859 1180 aiaeas
879 1134 1006 1180 ammam

121 1237 179 1280 aee
200 1218 344 1281 retinent
364 1217 465 1296 ripae,
488 1216 658 1296 redditque
680 1215 840 1280 eadaaera
862 1235 982 1296 eampo.

120 1317 199 1382 ΜΖ
218 1314 250 1382 G
271 1318 322 1401 (in
344 1318 425 1400 ras.)
446 1315 607 1402 praebent
628 1315 786 1394 reddeat·
806 1315 840 1381 H
861 1316 1070 1398 redeantque.

120 1417 166 1483 H.
188 1418 222 1496 1.,
246 1439 344 1504 quem
365 1422 560 1494 tractamus,
584 1416 721 1495 aceedit,
743 1416 832 1504 qnod
852 1416 937 1483 subi.
959 1414 1162 1484 audiendum
1177 1437 1247 1483 eor-

75 1518 182 1584 datum
204 1524 256 1583 est
277 1518 442 1583 relatiuae
464 1519 662 1597 sententiam
684 1538 743 1583 nee
763 1522 876 1582 tamen
897 1518 1033 1583 omissio
1047 1517 1162 1583 durior
1177 1539 1248 1584 esse

75 1619 182 1698 detur,
205 1640 307 1706 quam
328 1640 413 1706 quae
434 1618 573 1686 tolerari
593 1619 710 1704 possit.

122 1971 261 2059 Ooaseia
283 1990 435 2035 eararam
456 1975 576 2034 secreta
598 1972 635 2034 ia
659 1970 769 2034 littora
790 1968 888 2035 Lesbi

120 2070 248 2153 flectere
270 2069 343 2135 aeia
365 2071 462 2151 iatet,
486 2090 550 2152 aaa
573 2075 650 2134 tame
672 2070 787 2135 tetiam
811 2070 932 2135 latebas

122 2173 284 2250 maestior,
308 2172 345 2236 ia
366 2171 484 2236 mediis
506 2172 664 2254 quamsi,
690 2169 851 2253 Carmelio,
876 2174 998 2255 eampis

121 2266 298 2336 Emathiae
319 2277 431 2338 storea.

122 2423 239 2508 Vulgo
266 2423 371 2489 edunt
391 2424 483 2488 iates
503 2422 697 2509 (Cornelia).
741 2421 928 2503 Francken,
952 2445 1050 2511 quem
1072 2443 1166 2490 osane
1188 2426 1248 2489 mi·

75 2531 139 2591 tare
160 2525 317 2590 uerbum»
338 2528 442 2588 stares
461 2523 503 2590 ad
519 2523 709 2589 Corneliam
723 2523 846 2591 referre
861 2525 965 2611 piget,
980 2526 1138 2611 proponit
1158 2526 1249 2590 iabes

75 2627 246 2711 ’ompeius)
270 2673 327 2690 ...
351 2625 469 2689 latebat
490 2623 618 2709 (Corn.)
641 2673 696 2688 ...
719 2628 822 2688 stares
843 2624 997 2712 (Pomp).
1031 2624 1097 2693 Sed
1112 2648 1248 2714 sequen·

75 2727 131 2791 bus
164 2726 319 2791 uersibus
352 2727 549 2791 continuata
581 2724 790 2811 apostrophe,
821 2746 889 2811 qua
914 2727 1037 2813 respici
1060 2725 1249 2793 Corneliam

76 2832 129 2891 rto
157 2825 325 2891 affirmare
350 2848 527 2912 possumus
549 2827 595 2911 (u.
618 2827 659 2890 46
683 2826 804 2903 emerim
825 2847 858 2890 u.
880 2829 921 2892 48
943 2826 1053 2905 aides;
1073 2850 1106 2892 u.
1129 2832 1169 2893 49
1192 2847 1249 2892 aa·

75 2933 118 3012 es),
149 2925 315 3012 prohibet,
342 2927 520 3013 quominus
547 2926 773 2991 antecedentis
800 2928 984 2993 sententiae
1006 2929 1148 2994 uerbum
1169 2929 1249 2995 ulti-

75 3051 140 3106 um,
162 3032 275 3105 storea,
299 3026 340 3090 de
363 3026 432 3091 elia
453 3047 596 3112 persona
617 3024 747 3091 dietum
770 3047 840 3091 esse
861 3031 1027 3112 putemus,
1049 3030 1249 3115 praesertim

75 3150 142 3194 rum
174 3132 252 3214 post
282 3132 386 3192 stares
411 3127 505 3192 nullo
531 3127 656 3191 inserto
679 3127 811 3193 nomine
833 3127 968 3213 proprio
990 3128 1115 3216 ubique
1136 3134 1250 3195 tenore

75 3229 197 3294 ntinuo
219 3232 340 3313 pergat
361 3226 551 3313 descriptio.
596 3225 751 3292 Ceterum
773 3229 925 3291 maestior
947 3278 979 3293 ..
1003 3249 1100 3310 qaam
1121 3231 1152 3294 si
1168 3280 1175 3294 .
1189 3281 1196 3294 .
1212 3232 1250 3294 ia

75 3328 158 3392 ediis
181 3378 213 3392 ..
237 3329 360 3407 eampis
381 3327 558 3392 Emathiae
579 3331 682 3391 stares
704 3326 745 3392 de
768 3327 925 3394 Cornelia
947 3329 1014 3394 diei
1035 3331 1137 3418 probe
1151 3330 1249 3395 intel-

75 3433 133 3513 get,
156 3429 311 3515 quisquis
334 3428 514 3493 contulerit
535 3427 613 3495 huie
634 3428 705 3494 loeo
728 3448 808 3493 sane
828 3428 1092 3515 respondentem,

95 3531 156 3594 754

124 3630 226 3693 tutior
247 3629 374 3692 iaterea
390 3629 527 3709 papatis
548 3633 579 3693 et
600 3631 701 3694 tutior
722 3631 812 3695 ommi

123 3750 198 3810 repe
222 3729 294 3808 iate,
311 3731 518 3811 positamque
533 3730 653 3810 promi
674 3730 807 3812 fartaaa
828 3732 942 3795 mariti

124 3849 190 3893 aaa
214 3833 280 3893 tota
303 3834 333 3892 te
354 3830 437 3894 mole
452 3835 591 3911 premat.

124 3929 189 3995 His
221 3951 300 3994 nero
333 3930 447 3997 uerbis
472 3931 572 4018 plane
595 3932 764 3996 contraria
786 3931 947 3998 accidisse
969 3930 1117 3997 ostendit
1137 3938 1249 4020 poeta3

75 4050 156 4095 arem
189 4031 279 4096 enim
312 4036 345 4096 et
378 4032 625 4116 aegritudinem
658 4033 842 4117 exspectati
874 4031 957 4096 mali
978 4032 1152 4117 grauiores
1179 4055 1250 4100 esse

75 4148 142 4196 uem
164 4129 313 4196 dolorem
334 4131 442 4217 ipsius
465 4131 556 4196 meli.
599 4130 743 4198 Aooedit
765 4132 854 4220 quod
875 4131 1016 4198 uerbum
1039 4132 1191 4199 Oaraeiia
1212 4134 1251 4199 in
