2836 4672
1202 192 1225 254 ‘7

143 481 221 525 uam
244 481 345 541 ueque
361 460 489 540 praede
510 461 591 523 ueeis
613 479 714 540 uequc
736 481 873 542 repuuiu
896 461 1066 540 quaeritur
1086 461 1204 523 aruis:

143 560 347 636 detrahimus
369 561 520 624 douiuos
542 560 617 624 urbi
638 562 762 624 serecirc
779 565 925 640 paratae.

56 661 115 726 III
138 663 180 728 33

143 761 288 827 abscidis
308 762 434 843 suustru
454 762 541 843 serre
566 766 622 825 tue
637 763 793 842 piquoru.

55 861 203 928 111360

368 965 434 1027 iau
458 983 525 1027 ueu
547 963 716 1029 excludere
739 968 865 1027 iuutuuc

145 1063 318 1128 inclusisse
340 1063 466 1128 uoluut.
490 1069 524 1126 at
546 1067 633 1129 euim
655 1065 806 1145 coutupiu
831 1063 908 1127 belli

145 1164 221 1227 dira
241 1164 370 1245 superui.

57 1263 92 1328 X
114 1266 178 1330 358

621 1368 768 1446 iulcrque
790 1368 928 1430 veracites

145 1466 334 1530 discurrens
354 1467 529 1549 Aequptou
551 1465 645 1530 habet
666 1466 867 1546 Rouccruque
888 1472 1037 1531 rueretur.

144 1565 222 1633 Non
255 1588 310 1632 eos
343 1568 443 1632 audio
476 1588 545 1646 nec,
579 1567 661 1655 qnid
688 1567 754 1631 sibi
776 1567 894 1644 uelint,
918 1570 1001 1633 satis
1024 1568 1187 1652 intelligo,
1210 1571 1270 1656 qni

58 1668 148 1733 hane
169 1668 241 1731 uim
262 1668 365 1732 uerbo
388 1668 455 1753 ipsi
477 1668 611 1732 subesse
634 1668 764 1748 dieunt3
787 1672 838 1732 est
859 1669 1006 1753 profecto
1028 1667 1109 1733 haee
1125 1669 1189 1747 uis,
1205 1670 1270 1734 etsi

57 1790 80 1832 a
113 1769 357 1833 sententiarum
390 1768 478 1833 inter
511 1790 545 1833 se
577 1769 736 1833 iunctura
767 1768 913 1856 quadam
940 1789 980 1833 ex
1006 1773 1101 1854 parte
1127 1769 1269 1855 pendere

56 1868 208 1945 uidetur,
231 1869 332 1954 stirpi
352 1869 530 1954 temporali
552 1869 732 1955 peculiaris
754 1874 788 1934 et
801 1869 970 1956 praesenti
985 1890 1061 1934 cum
1075 1870 1269 1956 imperfecto

56 1969 256 2042 eommunis,
290 1969 345 2034 eui
376 1971 519 2054 tempori
552 1990 708 2055 praesens
741 1974 774 2033 et
800 1969 951 2056 alioquin
978 1969 1173 2054 contiguum
1199 1991 1270 2035 esse

57 2069 206 2134 uidetur.

146 2168 255 2236 Aliud
277 2168 412 2256 quidem
434 2170 620 2255 praesentis
642 2191 747 2254 genus
769 2191 828 2235 nec
850 2175 962 2235 tamen
985 2192 1005 2235 a
1024 2171 1161 2254 uulgari
1176 2192 1268 2256 prae·

59 2270 167 2336 sentis
203 2271 240 2335 ni
276 2271 326 2334 ita
361 2269 461 2334 ualde
497 2270 668 2335 diuersum
705 2275 756 2335 est
792 2291 990 2357 praesenS,
1025 2270 1117 2370 'quod
1148 2276 1271 2336 uocant

59 2371 309 2436 historicum.

146 2469 309 2536 Praesens
334 2473 371 2535 in
397 2492 433 2535 re
454 2472 623 2556 praesenti
645 2477 679 2536 et
700 2471 861 2536 narrandi
882 2477 916 2537 et
938 2472 1147 2537 describendi
1169 2492 1271 2537 eausa

56 2571 217 2638 adhiberi
249 2592 352 2658 supra
379 2570 536 2636 diximus.
580 2569 679 2652 Quod
705 2573 740 2635 in
762 2570 921 2638 historico
944 2593 1075 2659 quoque
1097 2576 1270 2658 praesente

58 2672 176 2737 ualere
209 2677 358 2757 apparet,
392 2671 459 2748 sed,
492 2676 749 2759 utrumcumque
775 2670 824 2750 fit,
852 2693 981 2758 semper
1001 2694 1054 2737 res
1077 2673 1120 2737 ad
1142 2678 1269 2758 praete-

58 2774 166 2837 ritum
199 2776 331 2857 tempus
357 2772 571 2857 pertinentes,
599 2777 770 2859 tamqnam
797 2774 827 2837 si
849 2779 1038 2858 praesentes
1061 2773 1139 2847 sint,
1164 2773 1269 2838 subi-

57 2873 227 2938 ciuntur
248 2873 319 2936 sub
342 2872 485 2937 oculos

147 2970 254 3059 Saepe
279 2992 436 3057 praesens
463 2977 496 3037 et
517 2973 599 3058 perf.
623 2973 711 3038 idem
732 2974 802 3038 fere
823 2973 936 3038 ualere
958 2974 1126 3051 uidentur,
1149 2974 1210 3037 uix
1231 2978 1271 3038 ut

58 3075 152 3138 inter
174 3077 325 3157 tempora
345 3072 408 3137 illa
430 3072 608 3138 discrimen
631 3078 758 3138 certum
781 3074 983 3140 constituere
1003 3075 1137 3139 conanti
1152 3094 1271 3160 operae

59 3174 211 3259 pretium
238 3173 293 3237 sit.
338 3171 404 3238 Sed
431 3174 624 3258 saepissime
647 3173 778 3262 aliquid
800 3179 912 3239 tamen
934 3175 1094 3238 interesse
1116 3179 1270 3259 apparet3

56 3273 187 3338 etenim
208 3293 365 3358 praesens
386 3311 428 3320 -
450 3295 515 3359 quo
537 3278 685 3360 tempore
707 3274 805 3360 qnasi
827 3272 978 3360 depictae
1001 3295 1053 3338 res
1076 3275 1138 3338 sub
1158 3273 1270 3339 oculos

58 3373 277 3438 subiciuntur
310 3412 350 3422 —
383 3372 419 3436 in
446 3375 575 3439 actione
598 3375 766 3440 narranda
787 3375 1003 3462 peculiariter
1024 3373 1206 3439 adhibetur
1228 3374 1271 3438 ad

57 3472 200 3557 singula
232 3473 414 3548 referenda,
447 3496 533 3561 quae
559 3496 619 3561 per
644 3496 679 3540 se
702 3475 870 3540 actionum
893 3475 1003 3540 ordini
1025 3473 1112 3537 nihil
1135 3472 1271 3539 addant.

59 3571 133 3638 Ubi
154 3594 261 3659 praes.
284 3573 363 3638 hist.
388 3579 438 3638 est
459 3579 591 3660 tempus
614 3575 780 3640 narrando
803 3572 1271 3655 describentis3-uelut1584

57 3692 148 3761 sqq.;
171 3672 229 3738 ΙΠ
253 3676 314 3738 153
336 3694 422 3760 sqq.;
445 3674 497 3739 IV
520 3678 580 3740 172
604 3696 688 3762 sqq.;
712 3674 765 3740 VI
788 3678 827 3740 29
850 3697 921 3762 sqq.

58 3773 121 3839 ΙΠ
144 3775 206 3840 153
228 3795 299 3861 sqq.

141 3875 300 3954 protinus
322 3876 459 3939 abducto
476 3881 658 3956 putueruut
680 3876 798 3956 terriplc
820 3876 955 3940 Metelle

148 3979 226 4038 tuuc
247 3995 343 4055 rupes
365 3976 506 4056 Tarpeia
527 3981 622 4041 scunt
643 3997 825 4058 erc-equoque
846 3976 989 4041 reclusas

147 4080 285 4139 testatur
305 4077 445 4140 stridore
466 4077 569 4158 fores·
594 4082 670 4142 tuuc
692 4077 843 4141 cauditus
865 4080 930 4141 iruc

146 4178 276 4240 uuiiuu
298 4177 415 4256 templo
439 4178 553 4241 multis
575 4199 642 4241 uois
665 4183 769 4242 tuctus
791 4179 830 4241 ub
853 4179 951 4242 deruis
