2836 4672
211 181 269 244 132

167 347 247 411 dum
270 366 339 410 esse
362 345 547 430 apparebit,
570 343 600 408 si
622 342 952 422 considerauerimus‚
974 368 1058 432 quae
1077 345 1169 412 inter
1185 347 1290 413 limite
1305 371 1368 414 uer-

167 447 246 511 bum
269 450 302 510 et
324 445 427 510 uerba
449 467 534 531 quae
556 450 635 510 sunt
656 446 813 509 mnodum
834 445 972 511 saecula
993 447 1090 511 iussa
1103 447 1262 527 ferentem
1277 450 1368 514 inter-

167 547 263 612 cedat
284 546 382 611 ratio.
426 545 624 632 Metaphora
643 545 802 610 nimirum
817 546 932 611 subest
946 547 987 611 de
1002 548 1214 632 agricultura
1229 555 1367 637 sumpta:

166 647 314 713 Mundus
336 645 613 715 limitefatorum
636 645 766 711 diuisus
789 646 901 711 secula
923 645 1058 713 diuersa
1079 648 1168 714 ferre
1188 648 1321 728 dicitur,
1335 658 1368 715 ut

167 770 247 833 ager
274 751 418 831 segetem
444 746 519 811 fert.
564 745 623 811 cfr
648 744 854 811 Ouidianum
875 747 963 815 illud
984 746 1136 832 (Metam.
1159 748 1178 814 Ι
1200 752 1257 836 89)
1278 771 1366 815 aureo

161 850 277 929 primo
302 851 380 911 sato
407 851 454 910 est
481 851 582 911 aetas.
626 845 675 911 Ut
701 844 817 931 igitur,
846 846 949 931 agelli
976 849 1006 912 si
1027 848 1137 914 limite
1161 849 1268 916 diuisi
1288 857 1363 929 sunt,

167 950 260 1014 nullo
288 948 384 1012 modo
411 947 670 1026 confunduntur,
694 948 744 1012 ita
766 947 884 1010 mundi
906 948 993 1013 bona
1014 954 1048 1014 et
1070 950 1162 1015 mala
1184 952 1295 1017 secula
1314 974 1363 1016 suo

167 1050 321 1138 quodque
343 1046 502 1133 temporis
524 1047 594 1112 loco
617 1046 839 1112 inueniuntur
852 1087 894 1095 —
908 1049 1055 1113 fatorum
1074 1050 1186 1116 limite
1202 1052 1360 1139 dirempta,

166 1151 344 1237 quominus
376 1153 500 1213 temere
533 1148 788 1213 confundantur.
839 1146 899 1213 cfr
925 1171 1009 1235 quae
1033 1150 1073 1215 de
1095 1152 1216 1216 mundi
1239 1174 1314 1217 aeuo
1332 1152 1359 1215 in

168 1256 263 1317 antro
286 1249 414 1314 incluso
436 1247 612 1332 finguntur

167 1366 345 1435 Claudian.
367 1364 477 1432 XXII
499 1369 559 1430 441
583 1388 652 1452 sqq.

252 1467 305 1533 bic
327 1466 481 1532 babitaret
503 1467 600 1531 uario
621 1465 726 1546 facies
749 1467 907 1531 distincto
929 1469 1059 1534 metallo

251 1568 386 1633 saecula
409 1572 497 1633 certo
520 1567 598 1632 locis

253 1702 408 1769 Ceterum
434 1701 473 1767 L.
499 1701 611 1767 Bauer
632 1702 772 1769 NPhR
796 1705 876 1769 1898
898 1726 930 1790 p.
954 1706 1014 1769 245
1038 1703 1138 1770 affert
1160 1706 1268 1772 locum
1287 1705 1351 1770 Dra·

168 1805 280 1881 contii,
309 1804 368 1889 qui
394 1808 433 1867 ut
459 1824 495 1867 re
518 1802 693 1868 dissimilis
715 1803 766 1869 ita
788 1804 899 1869 uerbis
923 1804 1005 1869 adeo
1027 1804 1107 1870 huic
1128 1805 1282 1873 Lucanae
1299 1805 1350 1870 loco

169 1904 291 1972 similis
318 1904 462 1981 uidetur,
490 1909 529 1968 ut
552 1904 594 1969 ad
616 1903 718 1969 huius
740 1905 805 1969 loci
827 1905 969 1990 speciem
992 1944 1032 1953 —
1054 1928 1114 1992 per
1135 1907 1292 1973 incertam
1310 1903 1350 1970 ad-

168 2006 303 2071 modum
329 2003 447 2069 horum
470 2005 648 2070 uerborum
671 2005 863 2070 memoriam
885 2027 1023 2070 -eum
1046 2007 1282 2073 adumbratum
1299 2023 1350 2070 esse

168 2108 229 2172 uix
251 2106 345 2171 nefas
367 2106 413 2170 sit
435 2106 602 2170 arbitrari.
646 2105 682 2169 Is
704 2106 796 2170 locus
819 2111 870 2171 est

168 2225 327 2307 Dracont.
351 2222 459 2289 Carm.
482 2223 566 2308 prof.
588 2221 642 2288 IX
667 2224 726 2288 115

704 2344 770 2388 oon
790 2329 869 2388 sant
891 2325 1084 2390 commercio
1106 2325 1221 2391 iuncta

253 2425 413 2490 mortibus
436 2429 467 2488 et
488 2425 626 2504 saperes,
650 2426 755 2490 dicessit
774 2426 868 2488 limite
889 2428 1015 2490 mundos

253 2525 406 2607 imposito
428 2532 674 2607 antuerpenses

255 2659 314 2728 cfr
339 2659 532 2725 Lucaneum
558 2662 605 2746 (u.
629 2663 662 2744 7)
681 2679 807 2740 pareas
829 2680 938 2724 reram
960 2666 994 2726 et
1015 2658 1261 2729 Claudianeum
1281 2659 1356 2748 (1.1.)
1410 2710 1412 2723 .

171 2767 292 2828 acturo
308 2766 436 2842 potens.

171 2996 208 3063 Π
230 2999 286 3161 gd&
309 3096 385 3161 libet
407 3096 523 3161 alcisci
545 3096 669 3160 deletae
690 3097 810 3176 (caera
831 3098 945 3178 pectis,

255 3198 350 3275 banc,
377 3196 512 3275 Oioebri,
534 3203 661 3261 seruate
682 3218 798 3262 senem.

255 3366 303 3452 ldl
320 3365 413 3451 l'1Z¹
438 3363 597 3430 exhibent
623 3364 782 3445 Cimbris·
802 3367 978 3432 Francken
1001 3406 1041 3415 —
1063 3373 1141 3453 post
1161 3390 1268 3434 unum
1290 3367 1368 3436 cin-

171 3469 270 3534 brum
303 3467 537 3554 compellatum
570 3466 792 3553 apostrophen
820 3465 954 3545 Cimbri,
980 3472 1111 3532 seruate
1132 3468 1369 3536 intolerabilem

173 3590 243 3634 esse
270 3573 363 3634 ratus
392 3607 432 3615 —
460 3567 530 3632 edit
557 3568 698 3633 Cimbris
723 3568 854 3634 seruato
875 3588 902 3632 s,
945 3567 1045 3634 Mitto
1068 3567 1200 3634 Lucani
1222 3569 1260 3635 in
1281 3571 1370 3637 rebus

173 3667 377 3757 prosodiacis
400 3690 563 3733 summam
586 3668 808 3753 diligentiam,
832 3691 899 3755 qua
914 3677 946 3735 -ῦ
961 3668 1061 3734 finale
1076 3667 1206 3755 primae
1221 3689 1371 3758 personae

172 3770 209 3836 in
236 3770 348 3835 uerbis
362 3770 379 3804 '²
407 3791 571 3855 nusquam
599 3770 770 3856 corripuit,
798 3791 900 3855 quare
923 3770 1016 3834 nullo
1038 3770 1135 3835 modo
1157 3771 1373 3860 credipotest

174 3893 249 3936 enm
282 3871 367 3936 hanc
401 3869 568 3956 syllabam
593 3869 729 3935 finalem
751 3870 960 3957 corripuisse.
1003 3870 1194 3937 Dolendum
1217 3893 1298 3939 sane
1318 3876 1372 3948 est,

174 3971 263 4057 quod
289 3992 455 4057 nusquam
481 3968 548 4034 nisi
574 3970 610 4034 in
636 3972 729 4036 exitu
756 3993 873 4036 uersus
894 3971 998 4036 talem
1020 3971 1217 4058 imperatiui
1238 3974 1372 4040 formam

172 4109 373 4121 Μ

257 4196 271 4224 *
290 4193 328 4242 De
346 4207 398 4257 qua
416 4207 442 4242 re
459 4190 520 4241 uide
537 4192 566 4241 E.
586 4192 705 4256 'stampe
723 4193 761 4242 De
780 4193 881 4242 Lucani
898 4195 953 4244 arte
971 4194 1081 4276 metrica
1098 4208 1122 4257 p.
1141 4191 1165 4246 7.
