2836 4672
1198 175 1259 238 143

172 338 301 420 Lectio,
329 361 416 426 quae
443 346 495 404 est
518 339 673 420 nulloque
696 359 727 417 a,
750 360 954 426 quamquam
977 337 1227 426 diplomaticam
1249 363 1301 407 ra-

85 443 215 507 tionem
239 441 469 527 spectantibus
491 440 599 518 babet,
623 461 688 526 quo
711 461 746 504 se
767 440 868 504 ualde
890 440 1103 517 commendet,
1123 441 1208 505 mihi
1228 442 1300 528 qui·

85 543 164 607 dem
198 564 265 606 non
298 542 416 627 placet,
451 541 540 627 quod
573 545 745 606 structura
776 539 838 605 illa
863 539 954 604 nullo
982 562 1004 604 a
1030 542 1149 605 uertice
1251 543 1302 607 in·

85 643 213 706 tumuit
239 641 410 706 molestior
439 641 583 706 uidetur.
628 639 722 722 Quae
749 639 913 706 Heitland
940 639 1044 726 (CIR
1067 643 1148 707 1895
1170 664 1202 728 p.
1227 644 1302 727 193)

85 743 173 831 quid
197 740 375 827 significet,
399 764 433 806 se
456 741 647 827 intelligere
670 741 743 806 iure
765 763 887 825 negare
909 740 1053 806 uidetur.
1098 741 1302 807 Ablatiuum

85 843 335 922 desideramus3
363 842 412 906 cfr
434 842 568 921 114283
591 841 643 907 IV
667 846 705 907 11
729 861 792 928 sq.;
818 841 892 906 Vel.
915 840 1026 907 Flauo.
1048 841 1177 927 Argon.
1199 842 1218 907 Ι
1240 844 1302 909 580

85 949 170 1024 quoi
192 944 230 1006 in
253 943 387 1007 aeileera
410 943 518 1023 carpit
540 941 695 1019 rnolibns;
728 940 787 1006 Sil.
811 942 888 1006 Ital.
912 940 997 1006 Pun.
1020 942 1038 1006 I
1060 945 1120 1008 238
1144 942 1302 1023 nullaque

85 1046 211 1129 (terra)
232 1043 393 1108 Palladia
415 1064 481 1106 sese
504 1044 612 1124 necyia
634 1042 751 1107 arbore
774 1043 876 1119 tullia
906 1041 967 1109 Sil.
990 1042 1069 1108 Ital.
1092 1043 1176 1108 Pun.
1199 1043 1218 1108 I
1242 1048 1301 1109 127

85 1150 222 1226 quanta
238 1144 357 1224 procul
378 1143 479 1208 rnolec
499 1144 645 1223 seopulis
667 1144 713 1207 ad
734 1143 847 1207 sidera
870 1144 990 1220 lendin
1013 1143 1098 1209 Stat.
1122 1143 1225 1209 Theb.
1245 1143 1302 1208 ΙΠ

85 1247 153 1312 460
176 1265 272 1309 mons
294 1249 367 1308 erat
389 1245 511 1308 audaci
533 1244 688 1309 reduetus
709 1245 745 1308 in
768 1264 848 1308 aera
870 1244 977 1309 derso.
1019 1243 1173 1310 Oonferri
1192 1250 1303 1329 potest

85 1347 217 1412 Lucan.
252 1346 270 1411 l
297 1348 358 1410 473
386 1366 435 1431 sq.
471 1345 647 1426 tauriferis
674 1344 732 1409 ubi
758 1365 792 1410 se
814 1344 978 1411 Meuania
1002 1347 1128 1426 corripis
1148 1346 1301 1426 replicat.

85 1447 210 1512 Lectio
244 1468 322 1511 uero
355 1445 485 1512 Weisei
518 1451 552 1511 et
578 1445 743 1511 Haskinsi
769 1468 809 1512 ne
830 1444 893 1511 illa
916 1445 1051 1533 quidem
1073 1448 1156 1535 satis
1178 1448 1303 1533 placct3

85 1549 141 1612 ita
175 1549 266 1612 enim
298 1546 353 1612 uis
387 1545 516 1612 accedit
547 1552 665 1622 terrae,
699 1569 765 1611 non
798 1547 912 1611 monti.
956 1545 1023 1612 Sed
1050 1547 1091 1612 de
1113 1553 1224 1613 monte
1246 1546 1304 1632 agi

85 1649 171 1712 inde
205 1648 321 1727 elucet,
356 1648 445 1734 quod
477 1653 511 1712 et
542 1647 633 1733 pallo
665 1646 757 1712 infra
790 1647 903 1712 eodem
929 1646 1025 1712 modo
1048 1669 1122 1713 cum
1146 1647 1303 1713 maximis

86 1749 228 1814 telluris
261 1753 311 1834 (=
331 1748 436 1833 orbis)
468 1746 586 1813 fluuiis
612 1753 825 1834 comparatur
850 1746 1017 1813 maximus
1039 1748 1162 1814 Italiae
1184 1747 1304 1829 amnis,

87 1847 266 1916 Eridanus
288 1851 340 1933 (=
358 1847 496 1932 Padus),
523 1855 557 1914 et
578 1849 662 1914 haec
682 1854 755 1914 tota
776 1870 862 1936 quae
885 1850 1101 1914 continuatur
1123 1849 1304 1936 descriptio

88 1949 291 2036 Appennini
313 1949 436 2014 montis
459 1955 517 2014 est.
563 1949 685 2015 Obstat
707 1949 808 2014 etiam
828 1948 888 2014 uix
903 1950 1093 2015 excusanda
1108 1949 1303 2038 hypallage:

89 2053 172 2114 nullo
211 2070 277 2131 qua
309 2051 430 2114 uertice
464 2050 562 2115 tellus
579 2083 614 2105 =
632 2071 714 2136 »qua
745 2051 868 2115 tellure
902 2050 988 2120 nulla
1019 2050 1122 2115 tellus
1155 2049 1303 2116 uertice».

92 2149 186 2231 Quas
210 2172 324 2216 omnes
347 2150 562 2217 difficultates
585 2156 624 2215 ut
644 2151 797 2229 eniteret,
817 2150 958 2217 Damstd
975 2152 1115 2216 alteram
1130 2152 1305 2238 proposuit

92 2252 340 2336 interpretandi
372 2250 549 2318 rationem:
584 2272 651 2334 qua
677 2252 766 2317 idem
792 2251 905 2317 ualere
932 2252 1103 2317 contendit
1126 2252 1214 2338 quod
1237 2271 1305 2333 qua

93 2350 278 2438 superioris
304 2373 437 2433 uersus;
465 2374 543 2437 ergo
571 2353 619 2417 sic
645 2350 727 2418 haec
753 2352 865 2418 omnia
885 2352 1068 2417 reddenda:
1091 2353 1141 2416 ›in
1163 2351 1303 2439 Campa·

92 2452 159 2532 nia,
194 2452 254 2517 ubi
286 2453 484 2540 Appennini
509 2453 600 2519 latus
627 2452 794 2518 umbrosis
817 2451 959 2518 collibus
981 2452 1018 2537 (i.
1040 2475 1066 2520 e.
1090 2451 1231 2536 modice)
1253 2474 1304 2518 aa·

94 2554 217 2638 surgit,
240 2553 300 2618 ubi
323 2576 402 2639 ergo
425 2554 530 2618 nullis
553 2553 668 2619 arduis
691 2555 814 2618 montis
834 2555 1064 2620 cacuminibus
1078 2554 1180 2619 tellus
1196 2553 1304 2619 cleua·

93 2659 151 2718 tur
171 2654 354 2740 propiusue
377 2655 466 2719 coelo
488 2655 660 2720 minatur».
705 2654 815 2741 Atqui
829 2677 904 2734 uox,
921 2675 1007 2742 quae
1022 2659 1073 2720 est
1088 2654 1190 2734 cellia,
1207 2675 1306 2741 saepe

93 2760 282 2840 usurpatur
304 2755 477 2820 demente
500 2757 655 2843 quamuis
678 2756 756 2820 alto.
801 2753 863 2821 Cfr

94 2886 219 2953 Catuli.
243 2888 327 2953 LXI
351 2894 368 2955 1
392 2890 485 2954 collis
506 2911 523 2953 o
546 2889 715 2954 Heliconii
737 2890 842 2956 cultor

178 3023 221 3087 In
244 3030 324 3088 nota
345 3024 425 3089 huic
447 3026 518 3090 loco
541 3025 658 3090 addita
679 3024 781 3091 Riese
803 3025 923 3090 laudat
944 3025 1054 3090 locum
1076 3025 1229 3104 alterum,

97 3139 157 3205 Sil.
180 3140 260 3205 Ital.
283 3141 367 3206 Pun.
390 3141 530 3207 111415

176 3242 224 3305 Ae
245 3241 408 3325 Pyrenaei
429 3243 587 3323 frondosa
610 3244 779 3308 cacumina
804 3244 923 3306 incutis

179 3342 311 3408 turbata
333 3342 465 3407 Poenus
489 3348 652 3407 terrarune
667 3364 752 3423 paee
768 3344 912 3424 petebat.

178 3444 307 3526 Pyrene
329 3444 416 3508 celsa
437 3445 579 3510 nimbosi
601 3445 737 3509 uerticis
761 3465 835 3509 arec

177 3545 309 3610 diuisos
334 3544 435 3610 Celtis
458 3546 523 3609 iaie
539 3551 735 3627 prospectat
757 3545 897 3610 Hiberos

179 3651 278 3727 atque
301 3652 435 3711 aeterna
458 3652 543 3711 leuet
564 3648 695 3729 mapnis
718 3647 867 3711 diuortia
890 3647 995 3710 terrie.

180 3766 296 3811 nornen
317 3748 481 3831 Bebrycia
505 3749 626 3811 ducere
649 3769 671 3811 a
692 3749 824 3830 uirpiue
846 3746 954 3812 colles.

101 3861 221 3930 Lucan.
244 3865 263 3930 I
286 3869 346 3931 688

633 3987 719 4030 nunc
742 3966 877 4046 desuper
899 3966 1000 4046 Alpis

181 4067 352 4150 nubiferae
375 4067 471 4132 eolles
494 4073 592 4148 alque
616 4069 740 4132 aeriani
763 4065 914 4148 Pyrenen

183 4169 372 4252 obruimur.
