2836 4672
147 152 208 215 140

188 316 302 382 Malo:

104 434 230 500 Lucan.
254 433 372 499 11182

480 534 603 614 yaedet
626 538 733 597 tamea
755 552 822 596 6336
845 533 957 596 timori

190 641 255 699 tem
279 654 398 716 meque
415 634 552 714 papatis
572 639 603 698 et
623 653 656 696 36
678 654 744 697 noa
767 633 879 697 mettet
901 635 1015 698 amari.

104 737 216 802 Plaut.
239 734 337 801 Asin.
360 736 422 800 810

885 834 987 898 emori

189 958 238 1001 me
261 936 385 1014 mettim,
409 956 508 1017 quam
530 935 607 999 haec
629 956 695 1000 6666
718 938 788 1001 etus
810 935 906 1001 uxori
927 935 1078 998 iadicem.

192 1087 326 1152 Postulo
348 1092 399 1173 (=
418 1087 523 1171 uolo):

106 1207 219 1272 Plaut.
242 1203 340 1270 Asin.
366 1207 425 1270 189

190 1308 277 1370 atae
300 1306 381 1386 quta
404 1304 489 1368 aaa
512 1303 621 1383 tabee,
644 1303 828 1369 maledictis
851 1309 880 1367 te
903 1305 976 1368 e'am
993 1304 1130 1369 ductare
1139 1301 1286 1384 ptstalue?

194 1456 243 1522 Ga
268 1458 317 1520 to:

108 1575 176 1641 Cic.
199 1477 446 1639 Ianatilinam
468 1573 487 1637 I
508 1592 536 1638 11
558 1577 579 1638 4
601 1574 707 1652 capto,
730 1571 769 1636 P.
797 1573 842 1651 0.,
865 1592 915 1637 me
938 1592 1004 1636 6336
1027 1574 1208 1638 elementem

107 1675 257 1741 Martiat.
280 1673 399 1760 Epigr.
422 1672 460 1737 II
481 1693 518 1738 1v
542 1679 558 1738 7

191 1780 337 1853 matrem,
362 1795 446 1854 qaae
468 1775 557 1854 eupit
580 1793 647 1838 6336
668 1795 702 1838 36
724 1794 877 1852 sororem,

192 1896 250 1941 nee
271 1881 408 1939 matrem
429 1876 528 1938 tuerat
551 1895 618 1938 6336
640 1895 697 1940 aee
718 1894 870 1940 sororem.

195 2027 336 2092 Stadeo:

108 2145 222 2211 Plaut.
245 2144 343 2210 Asin.
367 2148 405 2210 67

193 2250 291 2326 atque
313 2249 371 2325 696
394 2265 443 2308 me
465 2244 501 2306 ta
523 2243 631 2324 faeere
653 2244 776 2322 stateo,
800 2243 875 2308 aeto
900 2246 1009 2308 amari
1033 2244 1055 2307 ά
1076 2245 1156 2308 mete

108 2348 183 2414 Ter.
208 2347 295 2412 Eun.
319 2346 402 2432 prol.
426 2348 443 2408 l

192 2449 222 2511 st
245 2446 544 2528 quisquamst‚'qat
560 2445 692 2525 plaeere
713 2465 746 2509 36
767 2445 900 2509 stadeett
922 2446 1015 2510 beate

193 2601 316 2663 Placet:

109 2715 221 2783 Plaut.
244 2713 369 2801 Amph.
392 2717 453 2780 309

353 2815 502 2897 quisquis
523 2813 617 2879 tome
639 2815 700 2880 tete
716 2813 866 2895 profecte
888 2815 1023 2894 ue'aertt,
1040 2816 1175 2898 669663
1195 2813 1263 2879 etet.

110 2915 163 2984 So.
195 2917 309 2998 66696,
332 2937 398 2980 uon
415 2916 532 2996 placet
554 2935 602 2979 666
625 2915 682 2979 troc
704 2917 808 2980 aoetts
831 2918 916 2993 6336;
938 2918 1054 2980 ueneat
1075 2917 1179 2982 mode.

193 3068 366 3132 Decretum
389 3072 451 3131 est:

110 3186 222 3251 Plaut.
245 3185 343 3250 Asin.
368 3188 408 3250 73

195 3306 247 3350 663
269 3287 320 3349 rae
342 3286 537 3350 decretumst
553 3285 709 3367 persequi
731 3285 836 3350 666663
852 3287 973 3367 patrie.

194 3436 263 3502 Ubi
289 3435 481 3502 infinitiuue
508 3434 638 3524 passini
663 3438 795 3521 regitur
820 3437 922 3502 uerbo
948 3437 1147 3518 uoluntatis,
1170 3439 1246 3504 lieet
1263 3435 1300 3498 in·

110 3538 245 3604 finitiuo
267 3560 343 3603 eum
365 3538 467 3602 uerbo
490 3536 587 3602 finito
610 3536 799 3603 subiectum
822 3559 993 3602 commune
1016 3538 1071 3617 sit,
1089 3561 1154 3605 aee.
1171 3561 1243 3604 eum
1255 3530 1302 3602 inf.

112 3661 210 3725 saepe
234 3638 423 3704 adhibetur.

45 3728 47 3732 ¹
196 3740 263 3807 Sed
288 3739 351 3805 hoc
376 3740 459 3817 loeo,
485 3761 584 3826 quem
610 3745 805 3818 tractamua
834 3745 1040 3805 structuram
1061 3727 1226 3806 eiusmodi
1246 3758 1305 3804 eon·

112 3842 251 3907 stituere
274 3842 334 3905 uix
356 3839 450 3921 lieet;
474 3862 580 3926 neque
603 3839 691 3906 enim
714 3842 936 3919 aeeusatims,
957 3841 1016 3928 qui
1032 3839 1177 3907 subiecti
1191 3839 1307 3906 uicibus

111 3941 277 4026 fungitur,
301 3940 414 4005 emitti
437 3941 528 4019 solet,
553 3946 586 4006 et
608 3946 797 4006 structurae
820 3942 892 4006 eius
916 3939 1049 4026 generis
1070 3963 1091 4007 a
1109 3940 1241 4008 Lucani
1253 3959 1306 4005 ser·

112 4041 219 4107 monis
255 4065 319 4108 usu
358 4040 535 4106 abhorrere
568 4042 736 4107 uidentur.
792 4040 858 4108 Sed
890 4046 996 4107 restat
1028 4041 1099 4108 alia
1132 4032 1308 4131 explicandi

112 4143 209 4221 rati0,
237 4141 364 4228 opinor.
409 4141 501 4223 Quid
528 4143 557 4206 si
584 4142 615 4207 h.
638 4143 661 4207 l.
685 4140 886 4207 Graecorum
909 4163 998 4207 more
1021 4146 1056 4208 et
1077 4144 1229 4231 exemplo
1249 4156 1308 4207 eeee
