2836 4672
1159 173 1219 236 171

136 337 350 402 Postremum
383 335 562 402 Curionem
595 337 716 402 merito
749 338 784 401 in
811 359 947 404 numero
974 358 1099 418 eorum,
1126 339 1186 426 qui
1212 360 1262 404 ar-

54 459 183 504 morum
204 437 384 524 (bellorum
413 437 579 521 ciuilium)
605 442 756 503 auctores
778 438 914 515 fuerint,
937 437 1052 504 haberi
1074 438 1176 504 facile
1198 441 1264 504 erit

55 540 296 618 demonstrare;
329 537 379 603 cfr
411 538 500 603 enim
532 560 564 602 11.
598 540 659 604 801
693 557 784 601 arma
811 538 911 603 dabas
930 539 1067 619 populis
1088 541 1124 604 et
1146 561 1178 603 u.
1201 541 1262 604 809

52 660 153 720 ycaer
185 643 280 719 atquc
311 658 400 703 socer
432 638 515 703 bello
548 657 736 703 concurrere
762 640 855 703 iussi.
899 637 1050 703 Potens*
1078 641 1262 704 1101111111-

53 741 179 804 mirum
200 741 324 826 potest,
347 738 388 804 de
410 760 476 826 quo
498 738 560 804 hoc
581 738 707 804 dicitur
727 741 799 824 (uu.
822 742 884 804 893
906 741 971 826 sq.)

742 841 796 904 cui
818 844 909 903 tauta
924 844 1070 920 potestas

138 959 288 1005 concessu
309 938 378 1004 est?
409 961 510 1005 emere
533 960 651 1019 aranee,
674 940 726 1005 bic
748 940 1041 1006 condiditurbem.

53 1192 86 1259 V
108 1194 233 1373 lbbepe
256 1292 346 1357 dedit
366 1292 473 1356 sedem
496 1296 580 1356 totus
601 1293 803 1357 mutantibus
824 1292 920 1357 urbes

139 1442 197 1510 Sic
220 1465 297 1508 cum
318 1443 485 1509 codicibus
504 1441 787 1510 Weiss-Haskins
802 1448 835 1508 et
849 1443 975 1509 Hosius
990 1445 1115 1530 (1905);
1138 1443 1265 1510 Hosius

55 1549 157 1611 antea
179 1544 292 1630 (1899)
314 1565 390 1610 cum
411 1544 555 1628 uulgata
576 1548 686 1622 uotuc;
709 1542 884 1609 Francken
902 1545 1091 1610 Burmanni
1105 1546 1266 1611 insistens

56 1645 212 1730 uestigiis
236 1648 332 1708 tatus.
375 1643 484 1711 Nulla
506 1645 692 1710 mutatione
714 1664 756 1709 ne
778 1645 919 1710 minima
940 1645 1076 1733 quidem
1098 1668 1181 1732 opus
1196 1668 1266 1711 esse

57 1745 206 1811 uidetur.
249 1743 368 1831 Atque
395 1744 511 1811 Samse
532 1745 555 1810 l.
577 1745 600 1809 l.
623 1766 656 1830 p.
679 1747 718 1810 52
742 1749 841 1811 acute
863 1746 911 1811 sic
934 1747 1095 1832 explicat:
1129 1745 1267 1834 »Apollo

57 1847 156 1912 iustis
193 1844 395 1924 hominibus,
430 1868 505 1911 cum
538 1846 648 1911 sedem
680 1849 861 1922 mutarent,
893 1848 985 1912 totas
1017 1847 1117 1912 urbes
1150 1846 1267 1913 dedit.»

58 1946 223 2012 Heitland
257 1944 342 2012 CIR
374 1968 404 2012 1.
438 1949 520 2012 1894
552 1968 584 2032 p.
618 1947 706 2026 3711,
740 1968 770 2013 a.
799 1948 880 2012 1895
902 1969 934 2032 p.
959 1949 1052 2012 195a
1074 1951 1157 2012 totos
1177 1948 1267 2012 idem

58 2046 250 2133 significare
278 2047 328 2112 ait
355 2047 443 2134 quod
459 2066 608 2127 promae,
631 2046 674 2112 ad
697 2068 798 2134 quam
821 2046 1102 2132 significationem
1124 2048 1266 2134 proban·

58 2148 134 2214 dam
156 2147 259 2214 affert
280 2146 372 2215 VHI
394 2151 465 2227 217,
488 2150 565 2229 336;
588 2146 642 2213 IX
661 2151 733 2214 495.
763 2146 829 2214 Sed
844 2169 951 2213 nonne
966 2153 1118 2233 praestat
1133 2170 1209 2213 cum
1225 2148 1265 2214 R.

58 2249 178 2316 Helmo
200 2246 263 2332 (W
284 2249 322 2313 kl
342 2247 395 2313 Ph
418 2251 499 2315 1896
522 2270 575 2313 n:o
596 2249 652 2332 36)
671 2251 806 2314 uertere
824 2247 1148 2332 »fortbewegen›,
1165 2270 1267 2337 quam

57 2350 294 2436 primigeniam
315 2348 416 2414 huius
438 2349 533 2415 uerbi
551 2350 623 2413 uim
637 2349 743 2414 fuisse
759 2347 851 2414 credi
865 2352 984 2435 potest.
1013 2347 1148 2413 Moaco:
1162 2353 1268 2426 11511·

58 2451 106 2517 cir
124 2450 272 2516 Persson
290 2447 661 2534 Wurzclerweiterung
674 2472 707 2535 p.
724 2450 798 2530 156;
820 2449 880 2513 ubi
895 2449 998 2514 aliem
1013 2450 1267 2535 explicationem

59 2551 197 2617 admitti
222 2571 319 2637 posse
344 2550 493 2616 ostendit
518 2551 554 2634 (5
572 2564 607 2623 <
626 2551 681 2634 oa).
726 2547 836 2630 Quam
862 2551 1026 2615 rationem
1053 2549 1269 2636 amplectitur

60 2652 214 2738 Lindsay
248 2649 434 2716 Grammet.
467 2673 499 2737 p.
534 2652 606 2730 985,
638 2651 710 2715 uim
736 2649 855 2715 dandi
877 2649 1050 2716 inhaerere
1072 2650 1267 2716 arbitratus.

60 2751 151 2820 Stolz
179 2772 259 2817 uero
285 2756 319 2816 et
344 2750 521 2816 Prellwitz
544 2753 662 2832 ἀμεύω
684 2757 718 2816 et
738 2770 850 2815 mauce
873 2752 1008 2835 (meu)
1031 2754 1174 2834 cognata
1196 2771 1268 2816 esse

60 2852 251 2920 ostendunt.
294 2850 408 2917 Pauca
429 2852 592 2937 exempla,
615 2853 652 2915 in
674 2852 797 2938 quibus
818 2852 889 2916 uim
910 2851 1147 2936 primigeniam
1167 2872 1268 2934 agno·

61 2977 149 3021 scere
170 2954 259 3031 licet,
283 2951 395 3031 affero,

61 3055 170 3122 Plaut.
193 3052 319 3139 Amph.
342 3055 404 3118 973

144 3155 223 3219 adm
245 3173 348 3234 aeque
369 3173 403 3217 se
424 3153 658 3233 septentriones
680 3154 839 3234 quoquam
862 3154 899 3217 iu
921 3152 1007 3218 coelo
1030 3152 1239 3231 commoueat,

143 3259 247 3336 ue'que
269 3274 302 3318 se
326 3253 406 3318 {aaa
428 3256 589 3335 quoquam
611 3258 715 3318 mutat
737 3253 833 3334 utque
855 3254 905 3318 uti
928 3251 1070 3316 eaortdst
1091 3251 1197 3330 semel,

62 3355 178 3422 Horat.
202 3353 313 3421 Germ.
337 3355 436 3420 secul.
459 3357 500 3421 39

143 3459 234 3521 iusso
249 3475 333 3536 pars
354 3460 479 3520 mutare
503 3457 584 3521 laris
606 3460 636 3519 et
657 3456 767 3519 arbem

228 3558 348 3636 sospite
370 3577 468 3620 cursu

63 3657 189 3744 Vergil.
214 3655 338 3741 Georg.
360 3655 399 3722 H
421 3661 460 3722 49

597 3761 704 3821 toraca
727 3756 802 3821 bueo
825 3776 958 3837 qaoque,
980 3756 1010 3819 si
1033 3755 1106 3834 qais

145 3861 269 3923 iaceret
290 3862 347 3923 aut
367 3858 534 3923 scrobibus
555 3857 687 3922 mandet
708 3862 833 3922 ramata
854 3857 996 3920 subactis

146 4051 160 4081 '⁶
178 4048 228 4099 Hic
245 4044 365 4100 miserae
382 4049 408 4098 et
422 4046 550 4162 potentes
568 4061 618 4096 non
636 4060 741 4110 prorsus
758 4047 924 4110 opponuntur
936 4043 1001 4094 sibi:
1019 4056 1099 4106 quare
1111 4041 1269 4105 exemplum,

63 4115 131 4179 quod
152 4115 245 4166 attulit
267 4113 358 4166 Samso
378 4117 429 4178 p·
457 4115 517 4177 ima,
539 4113 597 4164 Son.
617 4114 683 4176 Thy.
702 4109 736 4163 35
753 4110 839 4165 miser
855 4111 1018 4178 expetente
1031 4106 1098 4176 fiat,
1116 4122 1150 4160 ex
1167 4104 1270 4161 misero

61 4183 170 4249 potens,
186 4183 237 4234 hnc
255 4197 307 4232 non
324 4183 444 4246 pertinet.
