2836 4672
187 222 248 286 118

144 409 220 454 nem
253 387 368 466 fecere,
400 384 578 453 Francken
612 387 746 473 quidem
779 394 903 454 >acuite
931 387 1066 454 eddens.
1109 386 1164 453 Ao
1186 388 1344 468 Sohaefer,

144 510 205 554 cur
225 488 366 554 dolentes
386 486 565 572 legendum
587 488 779 567 arbitretur,
802 488 864 554 bas
886 490 1024 575 exponit
1045 510 1179 554 causas:

168 591 196 654 1.
229 587 400 671 Quomodo
427 589 566 653 colentes
591 589 731 655 uerbum
757 588 920 675 explicari
944 589 1061 675 possit,
1084 610 1152 654 non
1173 590 1287 656 uidere
1306 611 1343 655 se.

227 689 347 756 Dicere
370 689 459 754 enim
480 686 659 754 Curionem
681 689 718 753 ui
740 711 781 755 ex
803 689 885 754 urbe
907 710 942 754 so
964 710 1034 754 esse
1057 689 1246 776 expulsum,
1266 690 1342 777 quod

227 795 341 855 tamen
362 789 441 855 fiere
463 811 529 854 non
551 791 709 876 potuisse,
733 791 763 855 si
784 788 900 855 nobas
921 789 1062 855 exilium
1083 811 1206 877 passus
1222 796 1303 857 esset
1314 797 1341 857 et

229 913 291 956 sua
313 895 430 976 sponte
452 890 568 956 urbem
590 891 793 977 reliquisset.

165 993 195 1057 2.
227 990 331 1056 Porro
364 992 394 1056 si
425 990 541 1055 uolens
573 991 713 1057 exilium
746 1013 865 1078 passus
892 997 987 1071 esset,
1010 991 1094 1078 quid
1115 991 1232 1071 fuisso,
1254 1015 1340 1060 cura

228 1091 370 1160 Caesare
392 1097 530 1179 peteret,
552 1094 649 1157 utin
671 1094 818 1180 patriam
833 1113 868 1157 eo
883 1091 1095 1158 restitueret?
1122 1089 1252 1178 Legere
1265 1094 1338 1160 enin

228 1214 263 1259 so
284 1193 398 1274 faciut.
442 1191 591 1259 Etiamsi
612 1193 790 1277 legendum
813 1193 1056 1259 constituamus
1078 1191 1192 1274 faciet,
1212 1195 1338 1282 sicquo·

228 1315 292 1380 que
314 1299 544 1380 repugnatura
566 1293 632 1358 sibi
654 1315 725 1359 esse
747 1293 851 1360 uerba
866 1292 1027 1374 pellimur
1048 1298 1083 1359 et
1103 1295 1259 1361 uolentes

165 1395 195 1459 3.
228 1392 384 1461 Ceterum
417 1393 596 1460 admodum
629 1416 699 1461 asse
725 1395 849 1459 mirum
875 1394 1042 1460 hominem
1064 1417 1143 1461 uere
1165 1395 1337 1462 Romanum

229 1494 336 1559 dicere
368 1495 513 1560 libenter
545 1517 580 1561 se
613 1517 723 1561 carere
756 1495 877 1581 patria.
920 1492 1013 1580 Ergo
1040 1494 1182 1562 dolentes
1203 1497 1337 1582 legamus

227 1615 358 1660 necesse
380 1616 460 1661 osse.
1190 1578 1196 1596 f

228 1693 294 1760 Sed
316 1697 462 1782 primum
484 1719 628 1785 quonem
650 1697 746 1763 modo
768 1701 884 1762 contra
905 1696 1007 1762 huius
1028 1697 1094 1762 loci
1113 1719 1258 1779 sensum,
1271 1719 1338 1787 qua·

142 1795 210 1861 lem
236 1795 420 1882 explicarit
447 1794 607 1863 Schaefer
627 1799 709 1884 ipse,
732 1797 872 1862 dolentes
892 1797 1034 1863 uerbum
1056 1819 1162 1884 praue
1184 1800 1274 1866 abire
1292 1819 1338 1886 po·

142 1897 213 1962 tuit
233 1897 269 1962 in
292 1895 441 1976 uolentes,
464 1899 661 1984 praesertim
683 1919 787 1986 quum
809 1920 875 1963 non
897 1898 1076 1964 admodum
1090 1921 1198 1986 prona
1213 1901 1259 1966 sit
1272 1900 1339 1965 haee

143 1998 296 2075 mutatio,
329 1998 644 2086 palaeographicam
677 2001 708 2064 si
740 2004 925 2085 spectemus
952 1999 1136 2066 rationem?
1179 1998 1340 2067 Accedunt

142 2097 276 2163 interna
297 2120 441 2187 quoque:

166 2200 195 2263 1.
227 2197 341 2265 Verba
355 2201 572 2282 patimurque
594 2201 737 2266 uolentes
760 2199 896 2265 exilium
916 2201 1172 2287 interpretanda
1186 2209 1267 2268 sunt
1279 2223 1341 2268 con·

227 2300 404 2365 siderando
426 2322 475 2379 ee,
497 2323 582 2389 quae
604 2303 718 2388 paullo
741 2303 868 2388 scripte
889 2306 978 2380 sunt,
1001 2322 1057 2366 uu.
1080 2303 1144 2368 273
1164 2325 1247 2391 sqq„
1269 2321 1342 2391 quae

227 2401 288 2466 hoc
313 2400 383 2466 fere
410 2403 540 2468 ualent:
567 2403 742 2491 >quamdiu
768 2402 916 2467 nondum
938 2403 1050 2467 omnia
1071 2408 1206 2490 poterat
1228 2406 1280 2470 uis
1300 2424 1342 2469 ar-

227 2523 367 2579 morum,
389 2500 521 2567 tamdiu
543 2504 721 2590 imperium
743 2502 809 2568 tibi
830 2503 974 2568 tracturi
995 2504 1032 2567 in
1053 2504 1136 2569 urbe
1159 2507 1343 2594 mansimus,

227 2604 382 2688 quamvis
415 2603 532 2669 infesti
564 2608 675 2669 essent
701 2603 786 2668 mihi
813 2601 1000 2668 aduersarii
1025 2603 1091 2684 tui3
1126 2605 1201 2670 iure
1224 2603 1344 2694 aliquid

227 2707 340 2768 tamen
363 2703 497 2769 uolente
520 2704 605 2768 mihi
623 2725 753 2791 quoque
772 2703 865 2768 loeus
879 2703 956 2769 fuit.
986 2702 1100 2786 Quum
1115 2727 1196 2771 uero
1212 2707 1280 2772 iam
1293 2726 1344 2793 pro

226 2803 358 2887 legibus
385 2802 467 2869 adeo
493 2805 604 2890 posita
630 2805 676 2869 sit
700 2805 754 2870 ius
777 2826 954 2883 armorum,
976 2809 1017 2869 ut
1037 2827 1098 2891 ago
1120 2807 1207 2872 iuris
1230 2807 1346 2874 uindex

226 2905 439 2990 -quamuis
459 2910 689 2970 sacrosanctus
704 2905 924 2989 magistratus
938 2944 981 2955 -
995 2906 1157 2992 expulsus
1173 2909 1250 2988 sim,
1265 2906 1346 2974 baud

227 3003 358 3069 inuitus
380 3006 493 3090 patrie
514 3027 633 3070 careo.»

164 3104 194 3168 2.
227 3101 507 3171 constituendum
530 3105 666 3170 uidetur
687 3104 866 3172 Curionem
889 3129 909 3171 a
930 3105 1071 3173 Caesare
1095 3129 1163 3172 non
1182 3111 1346 3196 petiuisse,

228 3205 324 3269 utin
345 3205 492 3291 patriem
515 3227 549 3271 se
571 3207 772 3285 restitueret,
794 3211 894 3293 atque
913 3206 1061 3294 profecto
1077 3210 1347 3296 acquiescendum

227 3305 364 3370 uidetur
395 3307 431 3370 in
464 3307 605 3372 lectione
638 3308 786 3372 omnium
819 3308 1021 3393 optimorum
1053 3308 1214 3390 codicum,
1245 3311 1346 3392 faciet,

228 3427 328 3492 quam
354 3406 496 3472 fortasse
523 3412 659 3494 propter
684 3408 924 3494 imperatiuum
951 3413 1144 3495 sequentem
1173 3412 1348 3477 oscitanter

228 3507 407 3572 emendans
439 3507 600 3573 librarius
632 3506 770 3595 quidam
803 3510 951 3574 mutauit
983 3510 1018 3574 in
1045 3508 1164 3589 faciat.
1208 3511 1348 3578 Videtur

228 3608 317 3672 enim
343 3629 443 3672 uerus
471 3629 587 3674 sensus
614 3629 685 3673 assa
707 3607 776 3673 hio:
803 3631 883 3673 »non
905 3611 973 3675 nisi
993 3609 1162 3697 Pompeio,
1186 3612 1347 3699 superbis·

229 3709 312 3774 simo
334 3708 396 3773 illo
419 3709 562 3787 domino,
585 3707 712 3775 deiecto
734 3715 768 3776 et
788 3711 933 3796 pristino
955 3709 1004 3776 rei
1025 3711 1182 3796 publicae
1198 3717 1347 3780 stature

229 3809 326 3873 ducto
360 3809 452 3875 ciues
485 3811 615 3894 patriae
648 3811 837 3887 reddemur;
872 3810 961 3897 qnod
991 3811 1139 3898 profecto
1166 3812 1265 3879 breui
1285 3812 1347 3879 iore

228 3909 379 3974 confido.»
422 3907 474 3974 De
497 3930 564 3997 qna
586 3933 621 3976 re
643 3910 721 3976 uide
743 3909 909 3976 Haskinsi
931 3918 1054 3977 notam.

164 4011 195 4076 3.
228 4009 378 4075 Verbum
400 4007 545 4074 colentes
566 4031 625 4096 per
640 4033 674 4076 se
690 4010 812 4077 mirum
828 4010 889 4076 hoc
903 4033 1015 4077 rerum
1030 4012 1100 4078 loco
1116 4013 1160 4078 ad
1174 4012 1346 4101 iudignum

227 4112 278 4176 rei
299 4110 453 4196 publicae
473 4115 600 4175 statum
616 4111 831 4177 audientibus
848 4110 1096 4200 depingendum
1111 4114 1235 4180 mirum
1251 4135 1346 4204 quan·

228 4215 301 4275 tum
322 4211 424 4276 ualet.
