2836 4672
146 175 186 239 86

188 341 228 405 Si
250 341 352 406 semel
373 341 423 406 ita
444 341 591 427 positum
614 346 674 420 est,
696 345 736 404 ut
757 340 792 404 in
813 360 911 404 usum
925 340 1115 425 particulae
1130 341 1295 424 interroga-

105 442 198 508 tiuae
220 461 356 506 uersum
378 462 449 506 esse
471 440 538 506 dici
560 462 656 526 posse
678 440 843 517 uideatur,

103 542 157 609 IV
179 545 238 608 531
699 537 702 543 ’

190 647 384 722 temptauere
400 643 499 721 prius
520 661 677 721 suspeuso
699 643 829 705 aiucerc
851 641 933 705 betto

188 743 384 825 foederibus,
407 741 499 822 [ieret
521 743 625 821 captis
645 743 676 805 si
699 742 827 806 dulcior
847 743 920 821 ipsa

189 845 303 908 mortis
324 844 395 907 uita
417 861 516 906 mara.

397 1167 435 1242 C.
481 1172 730 1243 Sententiae
754 1175 1026 1255 temporales.

190 1345 242 1410 De
264 1346 307 1410 iis
330 1346 516 1424 sententiis,
539 1367 625 1433 quae
646 1346 824 1432 particulis
847 1366 955 1427 quum,
973 1351 1164 1426 postquam,
1186 1347 1247 1424 uti,
1262 1350 1296 1419 ut,

106 1446 207 1510 simut
228 1446 379 1530 (simulac
401 1447 559 1512 Lucanus
581 1467 647 1511 non
662 1446 777 1530 habet)
792 1446 1007 1524 inducuntur,
1024 1448 1096 1531 egit
1111 1445 1154 1513 G.
1171 1445 1296 1512 Gdrans·

107 1569 165 1611 son
188 1546 253 1630 (De
276 1568 340 1610 usu
361 1547 604 1632 particularum
625 1547 861 1632 temporalium
883 1567 965 1625 cum,
983 1551 1172 1627 postquam,
1187 1547 1249 1626 ubi,
1263 1550 1296 1621 ut,

107 1647 217 1726 simut,
243 1647 380 1711 simulac
403 1647 493 1733 apud
514 1647 716 1732 Vergilium,
738 1647 923 1726 Lucanum,
945 1647 1123 1714 Valerium
1146 1646 1297 1720 Flaccum,

108 1746 231 1813 Silium
263 1747 435 1828 Italicum
468 1746 624 1813 Hclmiae
658 1749 762 1831 1897).
808 1745 875 1828 Qui
897 1769 1001 1835 quum
1023 1748 1113 1813 locos
1136 1747 1298 1833 diligenter

108 1848 261 1913 collectos
293 1847 474 1933 prudenter
500 1847 678 1912 admodum
704 1849 911 1926 tractauerit,
938 1869 1046 1934 pauca
1066 1853 1204 1914 tantum
1225 1852 1298 1921 suut,

108 1969 192 2035 quae
215 1948 254 2012 de
276 1948 330 2012 his
352 1948 450 2013 rebus
473 1947 621 2013 afferam.

107 2048 248 2114 111423

410 2150 515 2213 media
539 2169 638 2233 quum
660 2148 810 2214 Phoebus
831 2151 868 2214 iu
891 2169 950 2215 arce
972 2154 1020 2214 est

191 2256 248 2315 aut
270 2251 392 2315 caetum
414 2269 479 2315 aaa
500 2255 571 2313 atra
594 2255 687 2327 tcmt,
704 2255 807 2330 pauet
827 2252 897 2330 ipsc
919 2251 1071 2315 sacerdos

192 2371 337 2417 accessus
359 2351 590 2432 dominumque
613 2353 703 2415 timet
725 2352 921 2431 deprendere
945 2351 1019 2416 tuci.

192 2452 292 2518 Hunc
324 2453 433 2517 locum
466 2473 532 2515 non
557 2474 588 2538 p.
618 2454 667 2530 16,
694 2453 752 2517 sed
773 2474 805 2538 p.
830 2455 868 2517 18
892 2452 1033 2517 allatum
1056 2454 1299 2538 oportuit,na1a

108 2574 264 2638 praesens
286 2553 475 2638 primariae,
499 2554 562 2617 etsi
585 2552 624 2617 de
646 2575 681 2617 re
696 2554 819 2618 iterata
834 2552 1043 2629 adhibeatur,
1060 2574 1126 2617 non
1141 2555 1299 2639 >logicum

109 2673 179 2716 esse
212 2657 360 2738 apparet,
395 2651 452 2717 sed
485 2652 719 2731 dietericum»,
752 2653 851 2739 quale
877 2653 927 2717 rei
954 2653 1191 2719 describendae
1216 2671 1300 2720 causa

109 2754 267 2838 usurpari
289 2752 494 2817 ostendimus
516 2775 571 2838 pp.
596 2755 634 2817 12
657 2774 704 2839 sq.

108 2851 160 2917 IV
183 2856 243 2918 598

193 2951 251 3017 trac
275 2974 400 3035 quoque
423 2958 488 3017 tam
510 2958 623 3017 uastas
645 2955 825 3019 cumutuuit
847 2974 977 3019 muucre
999 2955 1089 3018 uires

193 3058 278 3118 terra
300 3056 353 3118 sui
374 3056 469 3137 fctus,
493 3055 589 3136 quod,
613 3074 711 3135 quum
734 3056 867 3136 tetipere
883 3059 1065 3135 parentem,

193 3156 259 3218 iam
282 3155 404 3238 defecta
426 3157 542 3236 uipeut
562 3160 717 3219 renouato
740 3156 852 3220 robore
875 3156 1024 3220 rrembra.

193 3254 260 3320 Hic
291 3277 420 3343 quoque
445 3278 601 3343 praesens
628 3258 742 3337 uipeat
764 3278 829 3321 non
851 3257 997 3341 logicum
1020 3262 1071 3321 est
1092 3257 1198 3342 (quod
1219 3255 1257 3323 G.
1276 3275 1301 3338 P·

109 3360 149 3420 47
173 3356 332 3441 scripsit),
356 3357 413 3421 sed
435 3357 641 3422 historicum.

192 3455 229 3521 P.
254 3459 293 3520 76
316 3457 378 3521 sub
401 3480 517 3545 »quum
539 3458 724 3522 inausum»
747 3456 865 3522 afferre
887 3479 1073 3544 pessumae,
1089 3458 1158 3522 nisi
1172 3457 1278 3532 fallor,

109 3556 162 3623 IV
185 3561 223 3621 27

426 3661 618 3742 patriaeque
641 3664 670 3723 ct
691 3661 799 3738 ruptis
821 3659 947 3740 tepidus
969 3679 1072 3722 uuum

195 3759 356 3823 doaauere
379 3759 480 3837 diem;
496 3780 603 3838 praua
627 3780 726 3841 quum
752 3759 873 3824 Caesar
898 3758 1032 3841 Otpmpa

194 3861 231 3924 iu
253 3865 376 3925 uectem
398 3860 506 3924 subita
529 3861 742 3925 circumdedit
764 3862 897 3941 apuriua
918 3861 1007 3941 fassa

195 3958 264 4041 Qui
285 3962 381 4030 locus,
399 3960 592 4026 simillimus
608 3960 696 4049 quod
712 3961 904 4026 adsensum
920 3966 970 4025 est
985 3960 1093 4039 alteri,
1111 3982 1210 4049 quem
1226 3958 1265 4026 G.
1279 3979 1306 4042 p-

111 4066 150 4127 72
175 4063 300 4141 attulit,
324 4061 477 4128 V11521
500 4064 552 4146 (=
568 4064 628 4127 508
652 4084 732 4149 sqq,
756 4059 851 4144 Hae.)
874 4082 944 4148 sqq.
968 4099 1008 4108 —
1030 4060 1068 4124 P.
1092 4063 1132 4126 82
1155 4062 1223 4126 ima
1244 4079 1307 4146 per-

111 4183 225 4248 peram
248 4164 423 4228 constituit
444 4160 485 4227 G.
509 4163 758 4227 coniunctiuum
781 4161 963 4247 obliquum,
986 4160 1045 4225 illo
1067 4161 1138 4226 loco
