2836 4672
147 170 188 234 64

103 337 217 404 animo
238 337 416 421 loquentis,
439 335 529 422 quod
549 336 730 422 praeteribo
751 341 898 422 temporo
912 337 1008 404 fiori
1022 340 1234 425 oportuisset,
1246 340 1295 406 hoc

104 438 273 525 praesenti
294 437 442 503 facium
464 457 547 501 esse
568 441 727 522 oportere.

189 536 258 602 Ubi
285 538 454 603 sententia
481 536 641 601 adiuncta
667 542 740 602 erat
760 538 894 604 irrealis
915 538 1146 626 hypothetica,
1169 540 1257 608 hoo'
1248 564 1296 607 nn·

104 639 224 726 primis
243 638 355 704 fiebat.
386 636 453 704 Sed
467 637 529 701 hoc
543 635 643 704 facile
658 636 702 701 ad
716 639 902 724 praeterita
916 660 1029 705 eorum
1043 640 1224 707 uerborum
1237 643 1297 706 nni·

104 761 200 806 nerse
222 738 401 804 transferri
422 737 543 823 potuit,
559 741 599 803 nt
613 738 711 823 quasi
725 743 912 825 temporum
927 740 1096 826 quaedam
1110 743 1298 808 assimilatio

103 846 238 907 taniam
265 861 335 906 esse
362 839 545 903 uideretur.
588 836 649 904 co
671 835 853 904 SohmaIa⁸
874 863 906 926 p.
929 843 1001 907 297.
1043 841 1145 909 Unde
1166 864 1245 909 usas
1264 843 1298 909 ad

103 947 214 1008 totum
247 941 387 1006 uerbum
420 939 559 1004 dilatari
591 939 716 1025 potuit3
750 937 801 1004 afr
832 938 946 1007 Plane.
977 939 1059 1007 Aul.
1087 945 1152 1010 828
1167 995 1175 1010 .
1192 994 1223 1010 ..
1244 945 1298 1009 aaa

99 1046 196 1124 potes
211 1040 369 1123 probasse
391 1058 506 1120 rupae.

189 1143 241 1207 De
262 1142 364 1207 uerbo
381 1159 518 1221 possum
539 1140 709 1226 profectus
732 1142 775 1206 ad
797 1141 867 1207 alia
880 1141 1059 1208 facultatis
1073 1145 1181 1210 uerba
1195 1148 1299 1232 postes

103 1243 216 1322 fluxit,
238 1243 364 1328 opinor,
388 1263 470 1306 usus
491 1239 560 1306 ille.
603 1240 662 1306 Ad
683 1240 772 1308 huno
794 1241 878 1328 parf.
900 1243 961 1308 inf.
983 1264 1083 1309 nsum
1099 1244 1299 1312 dilatandam

104 1343 253 1409 mulium
279 1342 429 1408 ualuisse
452 1341 547 1406 oredo
570 1347 604 1407 et
624 1342 729 1407 uerba
750 1342 914 1429 quasdam
936 1343 1131 1432 plerumque
1153 1347 1298 1433 imperso-

104 1445 209 1524 nalia,
242 1444 365 1531 quibus
390 1444 457 1508 ribo
484 1441 746 1527 subiungerebar
766 1442 850 1528 perf.
872 1444 944 1523 ini,
965 1445 1061 1511 uelnb
1082 1447 1189 1525 iuuat,
1206 1448 1299 1528 pirri,

98 1546 214 1626 pudet,
242 1544 386 1624 prodest,
414 1549 449 1609 et
469 1542 609 1607 uerbum
631 1562 698 1607 7337
719 1565 793 1609 cum
816 1544 893 1624 adi„
915 1545 1002 1626 adu„
1026 1545 1135 1612 subet.
1158 1547 1299 1612 caniano

104 1652 188 1726 tum,
211 1646 377 1732 imprimis
398 1645 481 1708 satis
502 1644 574 1708 eru.
616 1642 685 1708 Ubi
707 1666 805 1732 saepe
827 1645 910 1711 adeo
931 1645 1133 1713 obscuratur
1151 1649 1234 1734 perf.
1248 1647 1298 1712 ini

104 1749 160 1813 uis
181 1746 395 1833 primigenia,
418 1748 457 1809 ub
479 1744 521 1809 ab
543 1742 604 1809 inf.
628 1747 816 1830 praesentis
838 1747 875 1810 ai
896 1747 957 1811 uix
975 1748 1126 1814 recedere
1140 1753 1300 1815 transuer-

104 1871 179 1915 sam
211 1868 357 1932 unguem
389 1846 555 1911 uideatur.
611 1843 677 1911 Sed
709 1847 865 1932 quamuis
891 1847 1002 1915 multa
1026 1848 1070 1915 ad
1090 1871 1193 1915 nsum
1214 1849 1301 1915 illum

103 1947 378 2015 constituendum
410 1945 560 2011 ualuisse
587 1946 777 2026 uideantur,
804 1949 1042 2032 grauissimam
1063 1970 1144 2016 sane
1167 1950 1301 2016 credide

103 2051 169 2116 rim
191 2048 296 2114 fuisse
318 2049 417 2113 mabri
438 2048 614 2112 rationem.

189 2149 267 2217 Non
299 2154 351 2214 est
376 2150 413 2214 in
435 2148 547 2213 animo
569 2147 691 2213 afferre
712 2149 875 2235 exempla,
898 2149 957 2215 ubi
978 2151 1032 2214 ais
1053 2152 1138 2237 perf.
1161 2151 1223 2217 inf.
1242 2151 1300 2239 pri·

104 2253 254 2338 migenia
287 2247 380 2315 nullo
414 2249 511 2314 modo
543 2250 722 2315 obscurabo
754 2250 877 2332 elucob3
910 2250 1007 2316 uelut
1030 2251 1104 2318 VH
1130 2254 1195 2318 604
1214 2253 1306 2338 aeria

102 2354 226 2436 pauciei
247 2352 390 2416 caruisse
411 2349 562 2414 37777777.
605 2349 674 2415 Ubi
696 2352 887 2415 caruisse:
902 2353 974 2417 »cu
988 2352 1034 2416 ha
1047 2351 1188 2439 lyokats
1202 2353 1303 2441 alippa

103 2454 219 2518 andan
252 2452 334 2538 (nid
366 2451 419 2515 fbr
451 2449 557 2515 andra
589 2453 761 2535 gangen).
809 2451 898 2517 Ibam
924 2451 976 2518 IV
1004 2453 1065 2518 620
1084 2454 1302 2536 miranturque

102 2554 254 2618 babuisse
284 2572 410 2633 parem.
462 2549 686 2615 Habuisse=
711 2554 781 2617 >abb
807 2552 847 2618 de
872 2552 941 2620 faut
962 2554 1018 2639 (en
1036 2551 1209 2640 jamstark
1228 2559 1302 2620 mab

103 2653 301 2737 stendare)
345 2652 434 2718 Ibem
456 2649 508 2717 IX
531 2654 591 2717 291
608 2673 655 2739 sq
671 2653 839 2733 97777777..
856 2653 1021 2719 diuitias
1033 2673 1183 2720 seruasse
1198 2674 1302 2722 casca

104 2752 203 2820 Sed
193 2777 230 2818 1n
251 2752 392 2819 confinio
415 2773 486 2818 essa
508 2751 645 2818 uideuu
666 2751 718 2819 VI
740 2756 801 2818 541
824 2755 1051 2837 immcrqiique
1072 2774 1192 2821 manus
1210 2756 1303 2822 oculis

103 2854 286 2936 9777777777
304 2854 429 2935 palatos
447 2853 453 2938 7
472 2851 623 2932 effodisse
638 2853 738 2918 orbes.
766 2852 840 2920 Iam
854 2875 934 2920 uero
948 2854 993 2921 ad
1008 2855 1162 2942 exempla
1178 2857 1303 2944 algosis

103 2955 276 3020 afferenda
296 2960 439 3020 transeo.

189 3058 223 3137 a)
242 3053 309 3118 Inf.
324 3056 407 3140 perf.
423 3055 547 3140 pendet
563 3077 583 3119 a
597 3053 699 3119 uerbo
713 3055 944 3121 uoluntatis
960 3061 1020 3121 aut
1033 3055 1137 3123 norbo
1152 3060 1303 3146 contigua

103 3158 141 3220 ui
163 3156 328 3242 praedito:

189 3256 276 3322 Exx.
299 3255 357 3321 III
380 3259 440 3322 368
464 3278 513 3343 sq.
536 3276 603 3320 aaa
625 3257 793 3321 excludere
816 3261 950 3332 tautum,
972 3259 976 3343 Ι
996 3257 1170 3324 exclusisse
1185 3260 1303 3326 77777777.

103 3358 137 3423 V
158 3361 220 3423 493
243 3377 291 3443 sq.
314 3357 358 3420 ari
383 3356 534 3421 Caesaris
555 3376 646 3420 arura
668 3359 823 3422 iuueutus
841 3365 846 3439 Ι
865 3358 1041 3439 uaufrayic
1063 3361 1195 3425 77777377
1215 3360 1303 3427 uolet.

105 3457 137 3523 V
171 3461 231 3524 758
264 3479 312 3544 sq.
345 3460 451 3538 sitque
478 3457 560 3522 777777
577 3509 582 3520 .
601 3507 633 3522 ..
661 3478 723 3539 quo
749 3457 874 3541 fuyisse
896 3458 1005 3524 uelim.
1049 3458 1143 3525 VIII
1165 3465 1230 3528 794
1249 3479 1304 3544 quc

103 3559 202 3624 caudi
234 3557 352 3621 ualuit
378 3558 474 3623 ilium
494 3560 498 3641 Ι
518 3578 615 3638 quam
638 3563 723 3622 terra
745 3560 887 3623 caruisse
908 3558 1015 3624 Socer.
1057 3558 1112 3625 IX
1135 3563 1198 3627 567
1221 3582 1303 3628 caru

104 3660 210 3725 baisse
242 3659 343 3723 7777777
369 3660 485 3738 potius
518 3678 615 3741 quara
646 3679 748 3741 rapae
780 3660 903 3726 77777777.
948 3659 1015 3726 Sed
1046 3658 1195 3728 fortasse
1221 3683 1303 3728 occu

102 3760 210 3825 777337
235 3792 269 3816 =
292 3780 389 3824 »vara
426 3758 514 3824 doda.
568 3759 600 3824 X
641 3763 702 3825 154
734 3760 858 3842 optabit
883 3762 1015 3842 partiar
1048 3760 1146 3827 talem
1179 3763 1304 3830 ducisse

104 3861 314 3942 triumphum.
358 3857 425 3925 Sed
447 3859 508 3925 hoc
530 3859 719 3946 exemplum
741 3863 886 3927 fortasse
908 3862 973 3927 huc
994 3883 1060 3927 non
1082 3864 1245 3948 peninon
1258 3862 1305 3944 cfr

103 3963 245 4026 »uiiuara
261 4012 268 4026 .
285 4012 292 4027 .
310 4012 317 4025 .
341 3961 537 4024 duxissemb

187 4061 239 4127 VI
261 4064 322 4126 426
345 4080 402 4124 uec
425 4064 587 4140 quaesisse
604 4063 688 4129 77777.
715 4063 774 4129 ΠΙ
789 4067 852 4130 344
867 4065 1027 4146 excepisse
1043 4114 1051 4128 .
1068 4113 1076 4128 .
1092 4112 1101 4128 .
1117 4066 1304 4144 parati...

126 4180 255 4225 uaerere
271 4213 278 4228 .
296 4212 326 4227 ..
351 4161 499 4226 iurabere.
542 4161 576 4226 X
599 4166 660 4229 180
676 4169 816 4244 paratus
832 4213 840 4229 .
857 4215 889 4230 ..
912 4165 1148 4245 quaesisse...
