<?xml version="1.0" encoding="UTF-8"?>
<!DOCTYPE html PUBLIC "-//W3C//DTD XHTML 1.0 Transitional//EN"
    "http://www.w3.org/TR/xhtml1/DTD/xhtml1-transitional.dtd">
<html xmlns="http://www.w3.org/1999/xhtml" xml:lang="en" lang="en">
 <head>
  <title>
</title>
<meta http-equiv="Content-Type" content="text/html;charset=utf-8" />
  <meta name='ocr-system' content='tesseract 3.04.00' />
  <meta name='ocr-capabilities' content='ocr_page ocr_carea ocr_par ocr_line ocrx_word'/>
</head>
<body>
  <div class='ocr_page' id='page_1' title='image "./studialucaneasc00lundgoog_0073.png"; bbox 0 0 2836 4672; ppageno 0'>
   <div class='ocr_carea' id='block_1_1' title="bbox 57 93 1270 476">
    <p class='ocr_par' dir='ltr' id='par_1_1' title="bbox 57 93 1270 476">
     <span class='ocr_line' id='line_1_1' title="bbox 58 93 1270 180; baseline 0.001 -22"><span class='ocrx_word' id='word_1_1' title='bbox 58 94 138 159; x_wconf 89' lang='lat' dir='ltr'><strong>dam</strong></span> <span class='ocrx_word' id='word_1_2' title='bbox 159 94 333 180; x_wconf 81' lang='lat' dir='ltr'><strong>suscipiat,</strong></span> <span class='ocrx_word' id='word_1_3' title='bbox 354 93 533 159; x_wconf 83' lang='lat' dir='ltr'><strong>Lueauum</strong></span> <span class='ocrx_word' id='word_1_4' title='bbox 554 116 677 179; x_wconf 81' lang='lat' dir='ltr'><strong>ponere</strong></span> <span class='ocrx_word' id='word_1_5' title='bbox 697 115 787 158; x_wconf 80' lang='lat' dir='ltr'><strong>nuuc</strong></span> <span class='ocrx_word' id='word_1_6' title='bbox 807 93 1003 159; x_wconf 83' lang='lat' dir='ltr'><strong>inlinituum</strong></span> <span class='ocrx_word' id='word_1_7' title='bbox 1024 95 1165 180; x_wconf 68' lang='lat' dir='ltr'><strong>passim,</strong></span> <span class='ocrx_word' id='word_1_8' title='bbox 1180 115 1270 160; x_wconf 89' lang='lat' dir='ltr'><strong>nuuc</strong></span> 
     </span>
     <span class='ocr_line' id='line_1_2' title="bbox 58 192 675 265; baseline 0 -7"><span class='ocrx_word' id='word_1_9' title='bbox 58 195 176 259; x_wconf 88' lang='lat' dir='ltr'><strong>actiui.</strong></span> <span class='ocrx_word' id='word_1_10' title='bbox 221 192 332 258; x_wconf 84' lang='lat' dir='ltr'><strong>Semel</strong></span> <span class='ocrx_word' id='word_1_11' title='bbox 351 216 422 258; x_wconf 82' lang='lat' dir='ltr'><strong>una</strong></span> <span class='ocrx_word' id='word_1_12' title='bbox 442 196 675 265; x_wconf 75' lang='lat' dir='ltr'><strong>inueniuntur.</strong></span> 
     </span>
     <span class='ocr_line' id='line_1_3' title="bbox 57 293 982 476; baseline 0.001 -18"><span class='ocrx_word' id='word_1_13' title='bbox 57 293 93 359; x_wconf 77' lang='lat' dir='ltr'>X</span> <span class='ocrx_word' id='word_1_14' title='bbox 114 297 274 459; x_wconf 58' lang='lat' dir='ltr'><strong>gddntum</strong></span> <span class='ocrx_word' id='word_1_15' title='bbox 294 398 402 459; x_wconf 73' lang='lat' dir='ltr'><strong>animi</strong></span> <span class='ocrx_word' id='word_1_16' title='bbox 422 395 541 458; x_wconf 76' lang='lat' dir='ltr'><strong>delicto</strong></span> <span class='ocrx_word' id='word_1_17' title='bbox 563 395 696 461; x_wconf 69' lang='lat' dir='ltr'><strong>dubiut.</strong></span> <span class='ocrx_word' id='word_1_18' title='bbox 719 402 756 458; x_wconf 72' lang='lat' dir='ltr'><strong>ut</strong></span> <span class='ocrx_word' id='word_1_19' title='bbox 776 397 861 461; x_wconf 80' lang='lat' dir='ltr'><strong>collo</strong></span> <span class='ocrx_word' id='word_1_20' title='bbox 881 397 982 476; x_wconf 62' lang='grc' dir='ltr'><strong>[ι”ήη</strong></span> 
     </span>
    </p>
   </div>
   <div class='ocr_carea' id='block_1_2' title="bbox 148 497 1033 578">
    <p class='ocr_par' dir='ltr' id='par_1_2' title="bbox 148 497 1033 578">
     <span class='ocr_line' id='line_1_4' title="bbox 148 497 1033 578; baseline 0 -18"><span class='ocrx_word' id='word_1_21' title='bbox 148 497 299 561; x_wconf 68' lang='lat' dir='ltr'><strong>Caesaris</strong></span> <span class='ocrx_word' id='word_1_22' title='bbox 318 502 351 560; x_wconf 81' lang='lat' dir='ltr'><strong>et</strong></span> <span class='ocrx_word' id='word_1_23' title='bbox 369 517 514 560; x_wconf 67' lang='grc' dir='ltr'><strong><em>εοαπιι</em></strong></span> <span class='ocrx_word' id='word_1_24' title='bbox 538 499 636 576; x_wconf 71' lang='lat' dir='ltr'><strong>irrupi</strong></span> <span class='ocrx_word' id='word_1_25' title='bbox 657 497 728 563; x_wconf 77' lang='lat' dir='ltr'><strong>tihi.</strong></span> <span class='ocrx_word' id='word_1_26' title='bbox 750 497 888 578; x_wconf 67' lang='lat' dir='ltr'><strong>lupae,</strong></span> <span class='ocrx_word' id='word_1_27' title='bbox 911 497 1033 560; x_wconf 72' lang='lat' dir='ltr'><strong>iubent</strong></span> 
     </span>
    </p>
   </div>
   <div class='ocr_carea' id='block_1_3' title="bbox 60 595 1271 1288">
    <p class='ocr_par' dir='ltr' id='par_1_3' title="bbox 60 595 1271 1288">
     <span class='ocr_line' id='line_1_5' title="bbox 145 595 1270 684; baseline 0 -22"><span class='ocrx_word' id='word_1_28' title='bbox 145 598 198 662; x_wconf 89' lang='lat' dir='ltr'><strong>De</strong></span> <span class='ocrx_word' id='word_1_29' title='bbox 219 597 386 661; x_wconf 89' lang='lat' dir='ltr'><strong>infinitiui</strong></span> <span class='ocrx_word' id='word_1_30' title='bbox 406 598 618 682; x_wconf 76' lang='lat' dir='ltr'><strong>temporibus</strong></span> <span class='ocrx_word' id='word_1_31' title='bbox 639 597 727 661; x_wconf 88' lang='lat' dir='ltr'><strong>nibil</strong></span> <span class='ocrx_word' id='word_1_32' title='bbox 746 598 784 664; x_wconf 85' lang='lat' dir='ltr'><strong>J.</strong></span> <span class='ocrx_word' id='word_1_33' title='bbox 805 597 972 663; x_wconf 78' lang='lat' dir='ltr'><strong>Schmidt</strong></span> <span class='ocrx_word' id='word_1_34' title='bbox 1004 595 1100 678; x_wconf 79' lang='lat' dir='ltr'><strong>Quae</strong></span> <span class='ocrx_word' id='word_1_35' title='bbox 1113 598 1270 684; x_wconf 75' lang='lat' dir='ltr'><strong>quaestio</strong></span> 
     </span>
     <span class='ocr_line' id='line_1_6' title="bbox 60 697 1270 786; baseline -0.002 -23"><span class='ocrx_word' id='word_1_36' title='bbox 60 721 165 786; x_wconf 92' lang='lat' dir='ltr'><strong>quum</strong></span> <span class='ocrx_word' id='word_1_37' title='bbox 197 698 304 763; x_wconf 91' lang='lat' dir='ltr'><strong>latius</strong></span> <span class='ocrx_word' id='word_1_38' title='bbox 335 714 462 784; x_wconf 78' lang='lat' dir='ltr'><strong>pateat,</strong></span> <span class='ocrx_word' id='word_1_39' title='bbox 495 699 532 762; x_wconf 90' lang='lat' dir='ltr'><strong>iu</strong></span> <span class='ocrx_word' id='word_1_40' title='bbox 565 700 751 763; x_wconf 62' lang='lat' dir='ltr'><strong>›aorisfim</strong></span> <span class='ocrx_word' id='word_1_41' title='bbox 776 721 843 763; x_wconf 85' lang='lat' dir='ltr'><strong>usu</strong></span> <span class='ocrx_word' id='word_1_42' title='bbox 867 697 1033 763; x_wconf 87' lang='lat' dir='ltr'><strong>infinitiui</strong></span> <span class='ocrx_word' id='word_1_43' title='bbox 1053 697 1196 783; x_wconf 84' lang='lat' dir='ltr'><strong>perfecti</strong></span> <span class='ocrx_word' id='word_1_44' title='bbox 1217 718 1270 761; x_wconf 91' lang='lat' dir='ltr'><strong>me</strong></span> 
     </span>
     <span class='ocr_line' id='line_1_7' title="bbox 61 793 1269 885; baseline -0.001 -22"><span class='ocrx_word' id='word_1_45' title='bbox 61 799 248 864; x_wconf 77' lang='lat' dir='ltr'>continebo.</span> <span class='ocrx_word' id='word_1_46' title='bbox 291 798 343 862; x_wconf 88' lang='lat' dir='ltr'><strong>De</strong></span> <span class='ocrx_word' id='word_1_47' title='bbox 365 820 434 885; x_wconf 88' lang='lat' dir='ltr'><strong>qua</strong></span> <span class='ocrx_word' id='word_1_48' title='bbox 453 820 490 862; x_wconf 87' lang='lat' dir='ltr'><strong>re</strong></span> <span class='ocrx_word' id='word_1_49' title='bbox 511 798 591 862; x_wconf 87' lang='lat' dir='ltr'><strong>uide</strong></span> <span class='ocrx_word' id='word_1_50' title='bbox 611 800 780 884; x_wconf 80' lang='lat' dir='ltr'><strong>imprimis</strong></span> <span class='ocrx_word' id='word_1_51' title='bbox 800 799 841 863; x_wconf 94' lang='lat' dir='ltr'><strong>B.</strong></span> <span class='ocrx_word' id='word_1_52' title='bbox 883 798 1058 863; x_wconf 79' lang='lat' dir='ltr'><strong>Delbruck</strong></span> <span class='ocrx_word' id='word_1_53' title='bbox 1072 797 1152 882; x_wconf 84' lang='lat' dir='ltr'><strong>Vgl</strong></span> <span class='ocrx_word' id='word_1_54' title='bbox 1168 793 1269 883; x_wconf 66' lang='lat' dir='ltr'><strong>synt.</strong></span> 
     </span>
     <span class='ocr_line' id='line_1_8' title="bbox 60 897 1269 986; baseline -0.003 -20"><span class='ocrx_word' id='word_1_55' title='bbox 60 900 99 966; x_wconf 90' lang='lat' dir='ltr'>H</span> <span class='ocrx_word' id='word_1_56' title='bbox 124 923 182 986; x_wconf 89' lang='lat' dir='ltr'><strong>pp.</strong></span> <span class='ocrx_word' id='word_1_57' title='bbox 208 903 271 964; x_wconf 72' lang='lat'><strong>472</strong></span> <span class='ocrx_word' id='word_1_58' title='bbox 297 920 362 986; x_wconf 87' lang='lat' dir='ltr'><strong>sq.;</strong></span> <span class='ocrx_word' id='word_1_59' title='bbox 384 898 526 984; x_wconf 80' lang='lat' dir='ltr'><strong>Golliug</strong></span> <span class='ocrx_word' id='word_1_60' title='bbox 546 899 645 984; x_wconf 68' lang='lat' dir='ltr'><strong>Sym</strong></span> <span class='ocrx_word' id='word_1_61' title='bbox 667 899 700 963; x_wconf 87' lang='lat' dir='ltr'><strong>d</strong></span> <span class='ocrx_word' id='word_1_62' title='bbox 722 900 782 964; x_wconf 87' lang='lat' dir='ltr'><strong>lat.</strong></span> <span class='ocrx_word' id='word_1_63' title='bbox 804 897 1099 986; x_wconf 74' lang='lat' dir='ltr'><strong>Diebtersprache,</strong></span> <span class='ocrx_word' id='word_1_64' title='bbox 1120 898 1138 962; x_wconf 92' lang='lat'>1</span> <span class='ocrx_word' id='word_1_65' title='bbox 1160 901 1175 982; x_wconf 93' lang='lat'>(</span> <span class='ocrx_word' id='word_1_66' title='bbox 1236 900 1269 981; x_wconf 86' lang='lat'><strong>.),</strong></span> 
     </span>
     <span class='ocr_line' id='line_1_9' title="bbox 61 998 1270 1085; baseline -0.006 -16"><span class='ocrx_word' id='word_1_67' title='bbox 61 1000 165 1069; x_wconf 89' lang='lat' dir='ltr'><strong>Wien</strong></span> <span class='ocrx_word' id='word_1_68' title='bbox 188 1003 284 1080; x_wconf 74' lang='lat'>18923</span> <span class='ocrx_word' id='word_1_69' title='bbox 298 1000 344 1064; x_wconf 84' lang='lat' dir='ltr'><strong>id</strong></span> <span class='ocrx_word' id='word_1_70' title='bbox 360 999 586 1085; x_wconf 69' lang='lat' dir='ltr'><strong>Gymnasium</strong></span> <span class='ocrx_word' id='word_1_71' title='bbox 602 1002 684 1064; x_wconf 67' lang='lat' dir='ltr'><strong>laist</strong></span> <span class='ocrx_word' id='word_1_72' title='bbox 698 1023 755 1085; x_wconf 88' lang='lat' dir='ltr'><strong>pp.</strong></span> <span class='ocrx_word' id='word_1_73' title='bbox 768 1003 952 1080; x_wconf 51' lang='lat' dir='ltr'><strong>413—ssss</strong></span> <span class='ocrx_word' id='word_1_74' title='bbox 966 1000 1048 1065; x_wconf 83' lang='lat' dir='ltr'><strong>Alb.</strong></span> <span class='ocrx_word' id='word_1_75' title='bbox 1062 999 1107 1064; x_wconf 77' lang='lat' dir='ltr'><strong>A.</strong></span> <span class='ocrx_word' id='word_1_76' title='bbox 1118 998 1270 1063; x_wconf 79' lang='lat' dir='ltr'><strong>Howard</strong></span> 
     </span>
     <span class='ocr_line' id='line_1_10' title="bbox 63 1099 1271 1186; baseline -0.003 -19"><span class='ocrx_word' id='word_1_77' title='bbox 63 1102 115 1167; x_wconf 91' lang='lat' dir='ltr'><strong>On</strong></span> <span class='ocrx_word' id='word_1_78' title='bbox 148 1101 207 1166; x_wconf 86' lang='lat' dir='ltr'><strong>the</strong></span> <span class='ocrx_word' id='word_1_79' title='bbox 239 1123 298 1165; x_wconf 88' lang='lat' dir='ltr'><strong>use</strong></span> <span class='ocrx_word' id='word_1_80' title='bbox 330 1102 370 1165; x_wconf 83' lang='lat' dir='ltr'><strong>of</strong></span> <span class='ocrx_word' id='word_1_81' title='bbox 389 1100 449 1165; x_wconf 88' lang='lat' dir='ltr'><strong>the</strong></span> <span class='ocrx_word' id='word_1_82' title='bbox 469 1099 599 1186; x_wconf 80' lang='lat' dir='ltr'><strong>perfect</strong></span> <span class='ocrx_word' id='word_1_83' title='bbox 619 1099 789 1165; x_wconf 79' lang='lat' dir='ltr'><strong>infinitire</strong></span> <span class='ocrx_word' id='word_1_84' title='bbox 810 1103 847 1165; x_wconf 89' lang='lat' dir='ltr'><strong>iu</strong></span> <span class='ocrx_word' id='word_1_85' title='bbox 867 1101 972 1166; x_wconf 85' lang='lat' dir='ltr'><strong>Latin</strong></span> <span class='ocrx_word' id='word_1_86' title='bbox 993 1100 1080 1165; x_wconf 80' lang='lat' dir='ltr'><strong>with</strong></span> <span class='ocrx_word' id='word_1_87' title='bbox 1101 1100 1160 1165; x_wconf 89' lang='lat' dir='ltr'><strong>the</strong></span> <span class='ocrx_word' id='word_1_88' title='bbox 1181 1099 1271 1164; x_wconf 84' lang='lat' dir='ltr'><strong>force</strong></span> 
     </span>
     <span class='ocr_line' id='line_1_11' title="bbox 63 1199 1270 1288; baseline -0.002 -22"><span class='ocrx_word' id='word_1_89' title='bbox 63 1201 100 1266; x_wconf 86' lang='lat' dir='ltr'><strong>of</strong></span> <span class='ocrx_word' id='word_1_90' title='bbox 129 1202 188 1267; x_wconf 89' lang='lat' dir='ltr'><strong>the</strong></span> <span class='ocrx_word' id='word_1_91' title='bbox 214 1205 360 1287; x_wconf 75' lang='lat' dir='ltr'><strong>present,</strong></span> <span class='ocrx_word' id='word_1_92' title='bbox 385 1199 546 1266; x_wconf 84' lang='lat' dir='ltr'><strong>Harrard</strong></span> <span class='ocrx_word' id='word_1_93' title='bbox 567 1199 707 1266; x_wconf 86' lang='lat' dir='ltr'><strong>Studies</strong></span> <span class='ocrx_word' id='word_1_94' title='bbox 727 1201 746 1265; x_wconf 97' lang='lat' dir='ltr'>I</span> <span class='ocrx_word' id='word_1_95' title='bbox 768 1225 824 1288; x_wconf 91' lang='lat' dir='ltr'><strong>pp.</strong></span> <span class='ocrx_word' id='word_1_96' title='bbox 848 1204 1024 1266; x_wconf 80' lang='grc' dir='ltr'>ΙΙΙ-138.</span> <span class='ocrx_word' id='word_1_97' title='bbox 1067 1199 1113 1265; x_wconf 92' lang='lat' dir='ltr'><strong>H.</strong></span> <span class='ocrx_word' id='word_1_98' title='bbox 1134 1200 1270 1288; x_wconf 91' lang='lat' dir='ltr'><strong>quidem</strong></span> 
     </span>
    </p>
   </div>
   <div class='ocr_carea' id='block_1_4' title="bbox 62 1300 1276 3801">
    <p class='ocr_par' dir='ltr' id='par_1_4' title="bbox 62 1300 1276 3801">
     <span class='ocr_line' id='line_1_12' title="bbox 63 1300 1272 1389; baseline -0.002 -23"><span class='ocrx_word' id='word_1_99' title='bbox 63 1303 255 1388; x_wconf 79' lang='lat' dir='ltr'><strong>diligenter,</strong></span> <span class='ocrx_word' id='word_1_100' title='bbox 278 1323 505 1389; x_wconf 89' lang='lat' dir='ltr'><strong>quaecumque</strong></span> <span class='ocrx_word' id='word_1_101' title='bbox 527 1302 568 1366; x_wconf 89' lang='lat' dir='ltr'><strong>de</strong></span> <span class='ocrx_word' id='word_1_102' title='bbox 588 1301 653 1366; x_wconf 84' lang='lat' dir='ltr'><strong>hac</strong></span> <span class='ocrx_word' id='word_1_103' title='bbox 674 1324 711 1366; x_wconf 86' lang='lat' dir='ltr'><strong>re</strong></span> <span class='ocrx_word' id='word_1_104' title='bbox 731 1304 857 1388; x_wconf 81' lang='lat' dir='ltr'><strong>scripta</strong></span> <span class='ocrx_word' id='word_1_105' title='bbox 879 1305 972 1380; x_wconf 88' lang='lat' dir='ltr'><strong>sunt,</strong></span> <span class='ocrx_word' id='word_1_106' title='bbox 993 1302 1143 1384; x_wconf 78' lang='lat' dir='ltr'><strong>collegit.</strong></span> <span class='ocrx_word' id='word_1_107' title='bbox 1175 1300 1272 1365; x_wconf 89' lang='lat' dir='ltr'><strong>Inter</strong></span> 
     </span>
     <span class='ocr_line' id='line_1_13' title="bbox 63 1402 1271 1487; baseline -0.003 -20"><span class='ocrx_word' id='word_1_108' title='bbox 63 1404 177 1468; x_wconf 88' lang='lat' dir='ltr'><strong>doctos</strong></span> <span class='ocrx_word' id='word_1_109' title='bbox 203 1404 296 1467; x_wconf 89' lang='lat' dir='ltr'><strong>uiros</strong></span> <span class='ocrx_word' id='word_1_110' title='bbox 317 1410 469 1466; x_wconf 80' lang='lat' dir='ltr'><strong>constare</strong></span> <span class='ocrx_word' id='word_1_111' title='bbox 490 1402 628 1466; x_wconf 87' lang='lat' dir='ltr'><strong>uidetur</strong></span> <span class='ocrx_word' id='word_1_112' title='bbox 647 1404 812 1487; x_wconf 79' lang='lat' dir='ltr'><strong>originem</strong></span> <span class='ocrx_word' id='word_1_113' title='bbox 833 1403 937 1468; x_wconf 90' lang='lat' dir='ltr'><strong>huius</strong></span> <span class='ocrx_word' id='word_1_114' title='bbox 957 1426 1040 1467; x_wconf 91' lang='lat' dir='ltr'><strong>usus</strong></span> <span class='ocrx_word' id='word_1_115' title='bbox 1061 1403 1152 1467; x_wconf 87' lang='lat' dir='ltr'><strong>cerni</strong></span> <span class='ocrx_word' id='word_1_116' title='bbox 1174 1420 1271 1487; x_wconf 86' lang='lat' dir='ltr'><strong>posse</strong></span> 
     </span>
     <span class='ocr_line' id='line_1_14' title="bbox 63 1501 1272 1588; baseline -0.002 -21"><span class='ocrx_word' id='word_1_117' title='bbox 63 1505 97 1567; x_wconf 91' lang='lat' dir='ltr'><strong>iu</strong></span> <span class='ocrx_word' id='word_1_118' title='bbox 130 1504 312 1568; x_wconf 75' lang='lat' dir='ltr'><strong>sententiis</strong></span> <span class='ocrx_word' id='word_1_119' title='bbox 343 1502 573 1588; x_wconf 80' lang='lat' dir='ltr'><strong>probibitiuia</strong></span> <span class='ocrx_word' id='word_1_120' title='bbox 606 1503 667 1567; x_wconf 91' lang='lat' dir='ltr'><strong>ubi</strong></span> <span class='ocrx_word' id='word_1_121' title='bbox 698 1505 816 1568; x_wconf 78' lang='lat' dir='ltr'><strong>insunt</strong></span> <span class='ocrx_word' id='word_1_122' title='bbox 847 1504 952 1569; x_wconf 88' lang='lat' dir='ltr'><strong>uerba</strong></span> <span class='ocrx_word' id='word_1_123' title='bbox 978 1503 1066 1567; x_wconf 71' lang='lat' dir='ltr'><strong>nolle</strong></span> <span class='ocrx_word' id='word_1_124' title='bbox 1087 1508 1148 1567; x_wconf 85' lang='lat' dir='ltr'><strong>aut</strong></span> <span class='ocrx_word' id='word_1_125' title='bbox 1168 1501 1272 1575; x_wconf 71' lang='lat' dir='ltr'><strong>uelle,-</strong></span> 
     </span>
     <span class='ocr_line' id='line_1_15' title="bbox 63 1602 1270 1687; baseline -0.002 -19"><span class='ocrx_word' id='word_1_126' title='bbox 63 1604 160 1669; x_wconf 89' lang='lat' dir='ltr'><strong>uelut</strong></span> <span class='ocrx_word' id='word_1_127' title='bbox 193 1602 340 1668; x_wconf 86' lang='lat' dir='ltr'><strong>Senatus</strong></span> <span class='ocrx_word' id='word_1_128' title='bbox 366 1603 560 1669; x_wconf 88' lang='lat' dir='ltr'><strong>consultum</strong></span> <span class='ocrx_word' id='word_1_129' title='bbox 581 1603 622 1667; x_wconf 89' lang='lat' dir='ltr'><strong>de</strong></span> <span class='ocrx_word' id='word_1_130' title='bbox 643 1602 915 1669; x_wconf 84' lang='lat' dir='ltr'><strong>Bacchanalibus</strong></span> <span class='ocrx_word' id='word_1_131' title='bbox 935 1603 988 1683; x_wconf 83' lang='lat' dir='ltr'><strong>(C.</strong></span> <span class='ocrx_word' id='word_1_132' title='bbox 1010 1604 1040 1668; x_wconf 95' lang='grc' dir='ltr'><strong>Ι.</strong></span> <span class='ocrx_word' id='word_1_133' title='bbox 1062 1603 1105 1669; x_wconf 79' lang='lat' dir='ltr'><strong>L.</strong></span> <span class='ocrx_word' id='word_1_134' title='bbox 1128 1606 1199 1681; x_wconf 83' lang='lat'><strong>196,</strong></span> <span class='ocrx_word' id='word_1_135' title='bbox 1222 1606 1270 1687; x_wconf 85' lang='lat'><strong>3):</strong></span> 
     </span>
     <span class='ocr_line' id='line_1_16' title="bbox 62 1703 1272 1787; baseline 0 -18"><span class='ocrx_word' id='word_1_136' title='bbox 62 1704 205 1787; x_wconf 77' lang='lat' dir='ltr'><strong>Ncc&#39;qdc&#39;s</strong></span> <span class='ocrx_word' id='word_1_137' title='bbox 230 1725 339 1768; x_wconf 79' lang='lat' dir='ltr'><strong>eorum</strong></span> <span class='ocrx_word' id='word_1_138' title='bbox 361 1703 513 1767; x_wconf 70' lang='lat' dir='ltr'><strong>Bucam!</strong></span> <span class='ocrx_word' id='word_1_139' title='bbox 534 1703 686 1768; x_wconf 76' lang='lat' dir='ltr'><strong>babuisse</strong></span> <span class='ocrx_word' id='word_1_140' title='bbox 708 1705 802 1768; x_wconf 73' lang='lat' dir='ltr'><strong>astet.</strong></span> <span class='ocrx_word' id='word_1_141' title='bbox 824 1744 867 1753; x_wconf 94' lang='grc'><strong>-</strong></span> <span class='ocrx_word' id='word_1_142' title='bbox 889 1705 1049 1770; x_wconf 85' lang='lat' dir='ltr'><strong>Conferre</strong></span> <span class='ocrx_word' id='word_1_143' title='bbox 1070 1705 1152 1769; x_wconf 87' lang='lat' dir='ltr'><strong>licet</strong></span> <span class='ocrx_word' id='word_1_144' title='bbox 1172 1727 1272 1769; x_wconf 89' lang='lat' dir='ltr'><strong>usum</strong></span> 
     </span>
     <span class='ocr_line' id='line_1_17' title="bbox 63 1804 1273 1892; baseline 0 -23"><span class='ocrx_word' id='word_1_145' title='bbox 63 1804 206 1890; x_wconf 85' lang='lat' dir='ltr'><strong>perfecti</strong></span> <span class='ocrx_word' id='word_1_146' title='bbox 239 1806 447 1869; x_wconf 85' lang='lat' dir='ltr'><strong>coniunctiui</strong></span> <span class='ocrx_word' id='word_1_147' title='bbox 479 1807 516 1868; x_wconf 90' lang='lat' dir='ltr'><strong>in</strong></span> <span class='ocrx_word' id='word_1_148' title='bbox 548 1807 728 1870; x_wconf 79' lang='lat' dir='ltr'><strong>sententiis</strong></span> <span class='ocrx_word' id='word_1_149' title='bbox 759 1806 981 1892; x_wconf 86' lang='lat' dir='ltr'><strong>prohibitiuis</strong></span> <span class='ocrx_word' id='word_1_150' title='bbox 1005 1809 1208 1870; x_wconf 85' lang='lat' dir='ltr'><strong>exstantem.</strong></span> <span class='ocrx_word' id='word_1_151' title='bbox 1229 1843 1273 1852; x_wconf 97' lang='lat'>—</span> 
     </span>
     <span class='ocr_line' id='line_1_18' title="bbox 63 1903 1270 1991; baseline -0.001 -21"><span class='ocrx_word' id='word_1_152' title='bbox 63 1904 172 1970; x_wconf 83' lang='lat' dir='ltr'><strong>Usum</strong></span> <span class='ocrx_word' id='word_1_153' title='bbox 194 1903 295 1969; x_wconf 91' lang='lat' dir='ltr'><strong>illum</strong></span> <span class='ocrx_word' id='word_1_154' title='bbox 315 1905 558 1991; x_wconf 78' lang='lat' dir='ltr'><strong>posterioribus</strong></span> <span class='ocrx_word' id='word_1_155' title='bbox 575 1906 784 1991; x_wconf 87' lang='lat' dir='ltr'><strong>temporibus</strong></span> <span class='ocrx_word' id='word_1_156' title='bbox 797 1926 820 1970; x_wconf 87' lang='lat' dir='ltr'><strong>a</strong></span> <span class='ocrx_word' id='word_1_157' title='bbox 833 1904 992 1971; x_wconf 84' lang='lat' dir='ltr'><strong>Lucretio</strong></span> <span class='ocrx_word' id='word_1_158' title='bbox 1005 1928 1125 1970; x_wconf 88' lang='lat' dir='ltr'><strong>rursus</strong></span> <span class='ocrx_word' id='word_1_159' title='bbox 1139 1926 1270 1970; x_wconf 88' lang='lat' dir='ltr'><strong>reuoca-</strong></span> 
     </span>
     <span class='ocr_line' id='line_1_19' title="bbox 63 2005 1271 2092; baseline 0 -23"><span class='ocrx_word' id='word_1_160' title='bbox 63 2012 148 2084; x_wconf 89' lang='lat' dir='ltr'><strong>tum,</strong></span> <span class='ocrx_word' id='word_1_161' title='bbox 183 2010 259 2091; x_wconf 91' lang='lat' dir='ltr'><strong>post</strong></span> <span class='ocrx_word' id='word_1_162' title='bbox 292 2027 371 2070; x_wconf 88' lang='lat' dir='ltr'><strong>uero</strong></span> <span class='ocrx_word' id='word_1_163' title='bbox 395 2006 440 2070; x_wconf 86' lang='lat' dir='ltr'><strong>ab</strong></span> <span class='ocrx_word' id='word_1_164' title='bbox 465 2005 623 2090; x_wconf 79' lang='lat' dir='ltr'><strong>elegiacis</strong></span> <span class='ocrx_word' id='word_1_165' title='bbox 646 2008 790 2072; x_wconf 84' lang='lat' dir='ltr'><strong>maxime</strong></span> <span class='ocrx_word' id='word_1_166' title='bbox 810 2009 920 2092; x_wconf 86' lang='lat' dir='ltr'><strong>poetis</strong></span> <span class='ocrx_word' id='word_1_167' title='bbox 941 2006 1123 2083; x_wconf 82' lang='lat' dir='ltr'><strong>excultum,</strong></span> <span class='ocrx_word' id='word_1_168' title='bbox 1147 2005 1271 2070; x_wconf 87' lang='lat' dir='ltr'><strong>dilata·</strong></span> 
     </span>
     <span class='ocr_line' id='line_1_20' title="bbox 63 2105 1274 2194; baseline 0 -24"><span class='ocrx_word' id='word_1_169' title='bbox 63 2110 205 2194; x_wconf 90' lang='lat' dir='ltr'><strong>tumque</strong></span> <span class='ocrx_word' id='word_1_170' title='bbox 227 2127 298 2171; x_wconf 89' lang='lat' dir='ltr'><strong>csse</strong></span> <span class='ocrx_word' id='word_1_171' title='bbox 319 2110 462 2172; x_wconf 86' lang='lat' dir='ltr'><strong>constat.</strong></span> <span class='ocrx_word' id='word_1_172' title='bbox 498 2105 577 2188; x_wconf 74' lang='lat' dir='ltr'><strong>Qua</strong></span> <span class='ocrx_word' id='word_1_173' title='bbox 589 2109 626 2171; x_wconf 91' lang='lat' dir='ltr'><strong>in</strong></span> <span class='ocrx_word' id='word_1_174' title='bbox 640 2129 676 2171; x_wconf 90' lang='lat' dir='ltr'><strong>re</strong></span> <span class='ocrx_word' id='word_1_175' title='bbox 690 2107 838 2172; x_wconf 88' lang='lat' dir='ltr'><strong>multum</strong></span> <span class='ocrx_word' id='word_1_176' title='bbox 851 2107 1002 2172; x_wconf 87' lang='lat' dir='ltr'><strong>ualuisse</strong></span> <span class='ocrx_word' id='word_1_177' title='bbox 1016 2111 1053 2172; x_wconf 90' lang='lat' dir='ltr'><strong>et</strong></span> <span class='ocrx_word' id='word_1_178' title='bbox 1067 2105 1274 2192; x_wconf 85' lang='lat' dir='ltr'><strong>exemplaria</strong></span> 
     </span>
     <span class='ocr_line' id='line_1_21' title="bbox 63 2206 1271 2293; baseline 0.001 -22"><span class='ocrx_word' id='word_1_179' title='bbox 63 2228 195 2292; x_wconf 85' lang='lat' dir='ltr'><strong>graeca,</strong></span> <span class='ocrx_word' id='word_1_180' title='bbox 228 2229 370 2293; x_wconf 92' lang='lat' dir='ltr'><strong>quorum</strong></span> <span class='ocrx_word' id='word_1_181' title='bbox 402 2206 446 2271; x_wconf 91' lang='lat' dir='ltr'><strong>ad</strong></span> <span class='ocrx_word' id='word_1_182' title='bbox 478 2207 738 2272; x_wconf 87' lang='lat' dir='ltr'><strong>similitudinem</strong></span> <span class='ocrx_word' id='word_1_183' title='bbox 769 2210 920 2272; x_wconf 82' lang='lat' dir='ltr'><strong>carmina</strong></span> <span class='ocrx_word' id='word_1_184' title='bbox 946 2229 1008 2272; x_wconf 87' lang='lat' dir='ltr'><strong>sua</strong></span> <span class='ocrx_word' id='word_1_185' title='bbox 1029 2206 1271 2293; x_wconf 78' lang='lat' dir='ltr'><strong>exprimebant,</strong></span> 
     </span>
     <span class='ocr_line' id='line_1_22' title="bbox 64 2308 1272 2395; baseline -0.002 -21"><span class='ocrx_word' id='word_1_186' title='bbox 64 2313 99 2374; x_wconf 91' lang='lat' dir='ltr'><strong>et</strong></span> <span class='ocrx_word' id='word_1_187' title='bbox 125 2309 228 2374; x_wconf 91' lang='lat' dir='ltr'><strong>metri</strong></span> <span class='ocrx_word' id='word_1_188' title='bbox 253 2309 419 2373; x_wconf 88' lang='lat' dir='ltr'><strong>rationem</strong></span> <span class='ocrx_word' id='word_1_189' title='bbox 440 2346 484 2355; x_wconf 95' lang='lat'><strong>—</strong></span> <span class='ocrx_word' id='word_1_190' title='bbox 504 2309 541 2371; x_wconf 90' lang='lat' dir='ltr'><strong>in</strong></span> <span class='ocrx_word' id='word_1_191' title='bbox 562 2310 766 2394; x_wconf 76' lang='lat' dir='ltr'><strong>pentametri</strong></span> <span class='ocrx_word' id='word_1_192' title='bbox 788 2308 947 2373; x_wconf 88' lang='lat' dir='ltr'><strong>dimidias</strong></span> <span class='ocrx_word' id='word_1_193' title='bbox 968 2313 1083 2395; x_wconf 89' lang='lat' dir='ltr'><strong>partes</strong></span> <span class='ocrx_word' id='word_1_194' title='bbox 1105 2308 1272 2373; x_wconf 91' lang='lat' dir='ltr'><strong>commode</strong></span> 
     </span>
     <span class='ocr_line' id='line_1_23' title="bbox 64 2407 1274 2495; baseline -0.002 -21"><span class='ocrx_word' id='word_1_195' title='bbox 64 2407 226 2474; x_wconf 88' lang='lat' dir='ltr'><strong>uidelicet</strong></span> <span class='ocrx_word' id='word_1_196' title='bbox 259 2408 492 2474; x_wconf 86' lang='lat' dir='ltr'><strong>inscribuntur</strong></span> <span class='ocrx_word' id='word_1_197' title='bbox 523 2407 645 2494; x_wconf 83' lang='lat' dir='ltr'><strong>longae</strong></span> <span class='ocrx_word' id='word_1_198' title='bbox 676 2409 760 2495; x_wconf 82' lang='lat' dir='ltr'><strong>perf.</strong></span> <span class='ocrx_word' id='word_1_199' title='bbox 793 2409 855 2473; x_wconf 81' lang='lat' dir='ltr'><strong>inf.</strong></span> <span class='ocrx_word' id='word_1_200' title='bbox 887 2411 1015 2474; x_wconf 83' lang='lat' dir='ltr'><strong>formae</strong></span> <span class='ocrx_word' id='word_1_201' title='bbox 1047 2430 1097 2473; x_wconf 86' lang='lat' dir='ltr'><strong>ex.</strong></span> <span class='ocrx_word' id='word_1_202' title='bbox 1132 2431 1182 2494; x_wconf 80' lang='lat' dir='ltr'><strong>gr.</strong></span> <span class='ocrx_word' id='word_1_203' title='bbox 1210 2408 1274 2473; x_wconf 90' lang='lat' dir='ltr'><strong>hac</strong></span> 
     </span>
     <span class='ocr_line' id='line_1_24' title="bbox 64 2509 1274 2596; baseline -0.002 -20"><span class='ocrx_word' id='word_1_204' title='bbox 64 2510 222 2596; x_wconf 75' lang='lat' dir='ltr'><strong>prosodia</strong></span> <span class='ocrx_word' id='word_1_205' title='bbox 243 2509 429 2595; x_wconf 83' lang='lat' dir='ltr'><strong>praeditae:</strong></span> <span class='ocrx_word' id='word_1_206' title='bbox 448 2545 505 2561; x_wconf 60' lang='grc' dir='ltr'><strong>-ν</strong></span> <span class='ocrx_word' id='word_1_207' title='bbox 524 2544 542 2561; x_wconf 69' lang='grc' dir='ltr'>ν</span> <span class='ocrx_word' id='word_1_208' title='bbox 557 2545 614 2560; x_wconf 68' lang='grc' dir='ltr'><strong>-ν</strong></span> <span class='ocrx_word' id='word_1_209' title='bbox 629 2509 717 2574; x_wconf 72' lang='grc' dir='ltr'><strong>ιιεΙν</strong></span> <span class='ocrx_word' id='word_1_210' title='bbox 737 2550 753 2561; x_wconf 49' lang='grc' dir='ltr'>ν</span> <span class='ocrx_word' id='word_1_211' title='bbox 768 2549 794 2556; x_wconf 92' lang='grc'>-</span> <span class='ocrx_word' id='word_1_212' title='bbox 808 2529 844 2589; x_wconf 78' lang='grc' dir='ltr'><strong>ν;</strong></span> <span class='ocrx_word' id='word_1_213' title='bbox 859 2511 895 2573; x_wconf 91' lang='lat' dir='ltr'><strong>in</strong></span> <span class='ocrx_word' id='word_1_214' title='bbox 911 2531 1053 2596; x_wconf 91' lang='lat' dir='ltr'><strong>quorum</strong></span> <span class='ocrx_word' id='word_1_215' title='bbox 1068 2530 1206 2575; x_wconf 88' lang='lat' dir='ltr'><strong>numero</strong></span> <span class='ocrx_word' id='word_1_216' title='bbox 1222 2516 1274 2574; x_wconf 87' lang='lat' dir='ltr'><strong>est</strong></span> 
     </span>
     <span class='ocr_line' id='line_1_25' title="bbox 65 2610 1275 2696; baseline 0.001 -21"><span class='ocrx_word' id='word_1_217' title='bbox 65 2631 192 2696; x_wconf 85' lang='lat' dir='ltr'><strong>magna</strong></span> <span class='ocrx_word' id='word_1_218' title='bbox 223 2611 278 2675; x_wconf 90' lang='lat' dir='ltr'><strong>uis</strong></span> <span class='ocrx_word' id='word_1_219' title='bbox 309 2610 532 2696; x_wconf 87' lang='lat' dir='ltr'><strong>perfectorum</strong></span> <span class='ocrx_word' id='word_1_220' title='bbox 564 2612 601 2674; x_wconf 89' lang='lat' dir='ltr'><strong>iu</strong></span> <span class='ocrx_word' id='word_1_221' title='bbox 631 2613 682 2674; x_wconf 82' lang='lat' dir='ltr'><strong>-ui</strong></span> <span class='ocrx_word' id='word_1_222' title='bbox 708 2610 932 2676; x_wconf 87' lang='lat' dir='ltr'><strong>desinentium</strong></span> <span class='ocrx_word' id='word_1_223' title='bbox 959 2615 993 2674; x_wconf 88' lang='lat' dir='ltr'><strong>et</strong></span> <span class='ocrx_word' id='word_1_224' title='bbox 1013 2610 1218 2695; x_wconf 89' lang='lat' dir='ltr'><strong>simplicium</strong></span> <span class='ocrx_word' id='word_1_225' title='bbox 1241 2617 1275 2676; x_wconf 88' lang='lat' dir='ltr'><strong>et</strong></span> 
     </span>
     <span class='ocr_line' id='line_1_26' title="bbox 65 2708 1274 2799; baseline -0.002 -21"><span class='ocrx_word' id='word_1_226' title='bbox 65 2713 326 2799; x_wconf 88' lang='lat' dir='ltr'><strong>compositorum</strong></span> <span class='ocrx_word' id='word_1_227' title='bbox 359 2751 401 2758; x_wconf 96' lang='lat'>—</span> <span class='ocrx_word' id='word_1_228' title='bbox 432 2731 513 2774; x_wconf 86' lang='lat' dir='ltr'><strong>sane</strong></span> <span class='ocrx_word' id='word_1_229' title='bbox 544 2711 636 2775; x_wconf 86' lang='lat' dir='ltr'><strong>credi</strong></span> <span class='ocrx_word' id='word_1_230' title='bbox 661 2718 781 2797; x_wconf 79' lang='lat' dir='ltr'><strong>potest.</strong></span> <span class='ocrx_word' id='word_1_231' title='bbox 824 2709 983 2775; x_wconf 83' lang='lat' dir='ltr'><strong>Ostendit</strong></span> <span class='ocrx_word' id='word_1_232' title='bbox 1007 2710 1050 2776; x_wconf 90' lang='grc' dir='ltr'><strong>Η.</strong></span> <span class='ocrx_word' id='word_1_233' title='bbox 1073 2708 1152 2775; x_wconf 88' lang='lat' dir='ltr'><strong>illos</strong></span> <span class='ocrx_word' id='word_1_234' title='bbox 1175 2732 1274 2797; x_wconf 87' lang='lat' dir='ltr'><strong>saepe</strong></span> 
     </span>
     <span class='ocr_line' id='line_1_27' title="bbox 65 2810 1274 2900; baseline -0.002 -21"><span class='ocrx_word' id='word_1_235' title='bbox 65 2814 218 2900; x_wconf 86' lang='lat' dir='ltr'><strong>posuisse</strong></span> <span class='ocrx_word' id='word_1_236' title='bbox 250 2812 333 2898; x_wconf 87' lang='lat' dir='ltr'><strong>perf.</strong></span> <span class='ocrx_word' id='word_1_237' title='bbox 366 2812 427 2875; x_wconf 85' lang='lat' dir='ltr'><strong>inf.</strong></span> <span class='ocrx_word' id='word_1_238' title='bbox 460 2816 537 2897; x_wconf 89' lang='lat' dir='ltr'><strong>post</strong></span> <span class='ocrx_word' id='word_1_239' title='bbox 567 2810 673 2875; x_wconf 88' lang='lat' dir='ltr'><strong>uerba</strong></span> <span class='ocrx_word' id='word_1_240' title='bbox 697 2812 940 2889; x_wconf 90' lang='lat' dir='ltr'><strong>uoluntatis,</strong></span> <span class='ocrx_word' id='word_1_241' title='bbox 968 2813 1124 2898; x_wconf 87' lang='lat' dir='ltr'><strong>quamuis</strong></span> <span class='ocrx_word' id='word_1_242' title='bbox 1150 2813 1274 2877; x_wconf 86' lang='lat' dir='ltr'><strong>inesset</strong></span> 
     </span>
     <span class='ocr_line' id='line_1_28' title="bbox 65 2910 1275 2999; baseline -0.002 -20"><span class='ocrx_word' id='word_1_243' title='bbox 65 2914 164 2979; x_wconf 86' lang='lat' dir='ltr'><strong>nulla</strong></span> <span class='ocrx_word' id='word_1_244' title='bbox 196 2933 256 2977; x_wconf 87' lang='lat' dir='ltr'><strong>nec</strong></span> <span class='ocrx_word' id='word_1_245' title='bbox 288 2911 498 2998; x_wconf 89' lang='lat' dir='ltr'><strong>prohibitiua</strong></span> <span class='ocrx_word' id='word_1_246' title='bbox 529 2913 613 2976; x_wconf 71' lang='lat' dir='ltr'><strong>nec&#39;</strong></span> <span class='ocrx_word' id='word_1_247' title='bbox 640 2913 802 2997; x_wconf 84' lang='lat' dir='ltr'><strong>negatiua</strong></span> <span class='ocrx_word' id='word_1_248' title='bbox 827 2912 962 2999; x_wconf 84' lang='lat' dir='ltr'><strong>quidem</strong></span> <span class='ocrx_word' id='word_1_249' title='bbox 984 2913 1048 2976; x_wconf 90' lang='lat' dir='ltr'><strong>uis.</strong></span> <span class='ocrx_word' id='word_1_250' title='bbox 1092 2910 1175 2977; x_wconf 91' lang='lat' dir='ltr'><strong>Illos</strong></span> <span class='ocrx_word' id='word_1_251' title='bbox 1198 2917 1275 2998; x_wconf 90' lang='lat' dir='ltr'><strong>post</strong></span> 
     </span>
     <span class='ocr_line' id='line_1_29' title="bbox 63 3012 1275 3100; baseline -0.002 -20"><span class='ocrx_word' id='word_1_252' title='bbox 63 3014 281 3081; x_wconf 78' lang='lat' dir='ltr'><strong>facultatis</strong></span> <span class='ocrx_word' id='word_1_253' title='bbox 303 3033 435 3099; x_wconf 87' lang='lat' dir='ltr'><strong>quoque</strong></span> <span class='ocrx_word' id='word_1_254' title='bbox 457 3012 562 3077; x_wconf 86' lang='lat' dir='ltr'><strong>uerba</strong></span> <span class='ocrx_word' id='word_1_255' title='bbox 576 3013 744 3098; x_wconf 89' lang='lat' dir='ltr'><strong>imprimis</strong></span> <span class='ocrx_word' id='word_1_256' title='bbox 752 3032 889 3092; x_wconf 83' lang='lat' dir='ltr'><strong>possum</strong></span> <span class='ocrx_word' id='word_1_257' title='bbox 903 3012 988 3098; x_wconf 82' lang='lat' dir='ltr'><strong>perf.</strong></span> <span class='ocrx_word' id='word_1_258' title='bbox 1003 3012 1064 3078; x_wconf 86' lang='lat' dir='ltr'><strong>inf.</strong></span> <span class='ocrx_word' id='word_1_259' title='bbox 1080 3013 1275 3100; x_wconf 82' lang='lat' dir='ltr'><strong>frequenter</strong></span> 
     </span>
     <span class='ocr_line' id='line_1_30' title="bbox 65 3111 1273 3199; baseline -0.006 -17"><span class='ocrx_word' id='word_1_260' title='bbox 65 3115 262 3182; x_wconf 85' lang='lat' dir='ltr'><strong>adhibuisse</strong></span> <span class='ocrx_word' id='word_1_261' title='bbox 295 3116 437 3178; x_wconf 88' lang='lat' dir='ltr'><strong>constat.</strong></span> <span class='ocrx_word' id='word_1_262' title='bbox 462 3152 504 3160; x_wconf 98' lang='lat'><strong>—</strong></span> <span class='ocrx_word' id='word_1_263' title='bbox 530 3112 624 3178; x_wconf 86' lang='lat' dir='ltr'><strong>Fieri</strong></span> <span class='ocrx_word' id='word_1_264' title='bbox 650 3117 770 3199; x_wconf 90' lang='lat' dir='ltr'><strong>potest,</strong></span> <span class='ocrx_word' id='word_1_265' title='bbox 796 3116 839 3178; x_wconf 91' lang='lat' dir='ltr'><strong>ut</strong></span> <span class='ocrx_word' id='word_1_266' title='bbox 860 3111 999 3178; x_wconf 83' lang='lat' dir='ltr'><strong>facilius</strong></span> <span class='ocrx_word' id='word_1_267' title='bbox 1020 3113 1121 3179; x_wconf 88' lang='lat' dir='ltr'><strong>uerbo</strong></span> <span class='ocrx_word' id='word_1_268' title='bbox 1137 3133 1273 3194; x_wconf 79' lang='lat' dir='ltr'><strong>possum</strong></span> 
     </span>
     <span class='ocr_line' id='line_1_31' title="bbox 64 3212 1274 3300; baseline -0.002 -19"><span class='ocrx_word' id='word_1_269' title='bbox 64 3216 142 3282; x_wconf 91' lang='lat' dir='ltr'><strong>ideo</strong></span> <span class='ocrx_word' id='word_1_270' title='bbox 175 3214 349 3280; x_wconf 88' lang='lat' dir='ltr'><strong>subditum</strong></span> <span class='ocrx_word' id='word_1_271' title='bbox 381 3215 429 3278; x_wconf 85' lang='lat' dir='ltr'><strong>sit</strong></span> <span class='ocrx_word' id='word_1_272' title='bbox 459 3212 544 3299; x_wconf 88' lang='lat' dir='ltr'><strong>perf.</strong></span> <span class='ocrx_word' id='word_1_273' title='bbox 578 3213 649 3290; x_wconf 75' lang='lat' dir='ltr'><strong>inf,</strong></span> <span class='ocrx_word' id='word_1_274' title='bbox 682 3214 772 3300; x_wconf 92' lang='lat' dir='ltr'><strong>quod</strong></span> <span class='ocrx_word' id='word_1_275' title='bbox 803 3215 872 3278; x_wconf 87' lang='lat' dir='ltr'><strong>iam</strong></span> <span class='ocrx_word' id='word_1_276' title='bbox 899 3214 957 3277; x_wconf 92' lang='lat' dir='ltr'><strong>diu</strong></span> <span class='ocrx_word' id='word_1_277' title='bbox 984 3236 1058 3278; x_wconf 92' lang='lat' dir='ltr'><strong>cum</strong></span> <span class='ocrx_word' id='word_1_278' title='bbox 1080 3214 1274 3299; x_wconf 88' lang='lat' dir='ltr'><strong>praeteritis</strong></span> 
     </span>
     <span class='ocr_line' id='line_1_32' title="bbox 64 3312 1274 3404; baseline -0.005 -22"><span class='ocrx_word' id='word_1_279' title='bbox 64 3315 271 3404; x_wconf 87' lang='lat' dir='ltr'><strong>quibusdam</strong></span> <span class='ocrx_word' id='word_1_280' title='bbox 304 3312 405 3379; x_wconf 90' lang='lat' dir='ltr'><strong>huius</strong></span> <span class='ocrx_word' id='word_1_281' title='bbox 436 3313 533 3378; x_wconf 88' lang='lat' dir='ltr'><strong>uerbi</strong></span> <span class='ocrx_word' id='word_1_282' title='bbox 564 3315 660 3398; x_wconf 89' lang='lat' dir='ltr'><strong>(item</strong></span> <span class='ocrx_word' id='word_1_283' title='bbox 692 3314 870 3379; x_wconf 89' lang='lat' dir='ltr'><strong>uerborum</strong></span> <span class='ocrx_word' id='word_1_284' title='bbox 903 3314 1020 3401; x_wconf 87' lang='lat' dir='ltr'><strong>qualia</strong></span> <span class='ocrx_word' id='word_1_285' title='bbox 1053 3321 1135 3378; x_wconf 88' lang='lat' dir='ltr'><strong>sunt</strong></span> <span class='ocrx_word' id='word_1_286' title='bbox 1169 3313 1274 3392; x_wconf 86' lang='lat' dir='ltr'><strong>dedeo,</strong></span> 
     </span>
     <span class='ocr_line' id='line_1_33' title="bbox 65 3413 1275 3501; baseline -0.004 -18"><span class='ocrx_word' id='word_1_287' title='bbox 65 3420 203 3499; x_wconf 79' lang='lat' dir='ltr'><strong>oportet,</strong></span> <span class='ocrx_word' id='word_1_288' title='bbox 238 3414 325 3479; x_wconf 85' lang='lat' dir='ltr'><strong>dccet</strong></span> <span class='ocrx_word' id='word_1_289' title='bbox 357 3415 418 3500; x_wconf 90' lang='lat' dir='ltr'><strong>al.)</strong></span> <span class='ocrx_word' id='word_1_290' title='bbox 442 3413 527 3500; x_wconf 71' lang='lat' dir='ltr'><strong>perf.</strong></span> <span class='ocrx_word' id='word_1_291' title='bbox 550 3414 613 3479; x_wconf 79' lang='lat' dir='ltr'><strong>int&#39;.</strong></span> <span class='ocrx_word' id='word_1_292' title='bbox 635 3436 886 3501; x_wconf 90' lang='lat' dir='ltr'><strong>nonnumquam</strong></span> <span class='ocrx_word' id='word_1_293' title='bbox 908 3417 989 3500; x_wconf 91' lang='lat' dir='ltr'><strong>poni</strong></span> <span class='ocrx_word' id='word_1_294' title='bbox 1011 3415 1154 3496; x_wconf 82' lang='lat' dir='ltr'><strong>solebat3</strong></span> <span class='ocrx_word' id='word_1_295' title='bbox 1177 3415 1275 3479; x_wconf 90' lang='lat' dir='ltr'><strong>uelut</strong></span> 
     </span>
     <span class='ocr_line' id='line_1_34' title="bbox 64 3514 1274 3602; baseline -0.003 -18"><span class='ocrx_word' id='word_1_296' title='bbox 64 3519 142 3584; x_wconf 80' lang='lat' dir='ltr'><strong>Ter.</strong></span> <span class='ocrx_word' id='word_1_297' title='bbox 166 3515 275 3581; x_wconf 87' lang='lat' dir='ltr'><strong>Andr.</strong></span> <span class='ocrx_word' id='word_1_298' title='bbox 298 3519 358 3582; x_wconf 77' lang='lat'><strong>238</strong></span> <span class='ocrx_word' id='word_1_299' title='bbox 381 3537 430 3602; x_wconf 91' lang='lat' dir='ltr'><strong>sq.</strong></span> <span class='ocrx_word' id='word_1_300' title='bbox 453 3535 560 3580; x_wconf 65' lang='lat' dir='ltr'><strong>moine</strong></span> <span class='ocrx_word' id='word_1_301' title='bbox 583 3517 728 3595; x_wconf 82' lang='lat' dir='ltr'><strong>oportuit</strong></span> <span class='ocrx_word' id='word_1_302' title='bbox 746 3517 933 3599; x_wconf 70' lang='lat' dir='ltr'><strong>{proscisso</strong></span> <span class='ocrx_word' id='word_1_303' title='bbox 954 3537 1003 3580; x_wconf 85' lang='lat' dir='ltr'><strong>me</strong></span> <span class='ocrx_word' id='word_1_304' title='bbox 1026 3514 1139 3593; x_wconf 56' lang='lat' dir='ltr'><strong>unte&amp;</strong></span> <span class='ocrx_word' id='word_1_305' title='bbox 1160 3514 1274 3580; x_wconf 90' lang='lat' dir='ltr'><strong>Plaut.</strong></span> 
     </span>
     <span class='ocr_line' id='line_1_35' title="bbox 64 3615 1275 3706; baseline -0.005 -21"><span class='ocrx_word' id='word_1_306' title='bbox 64 3617 241 3706; x_wconf 85' lang='lat' dir='ltr'><strong>Amphitr.</strong></span> <span class='ocrx_word' id='word_1_307' title='bbox 275 3619 337 3682; x_wconf 88' lang='grc'><strong>544</strong></span> <span class='ocrx_word' id='word_1_308' title='bbox 368 3618 494 3682; x_wconf 58' lang='lat' dir='ltr'><strong>ocosse</strong></span> <span class='ocrx_word' id='word_1_309' title='bbox 526 3618 686 3696; x_wconf 67' lang='lat' dir='ltr'><strong>oportuit·</strong></span> <span class='ocrx_word' id='word_1_310' title='bbox 717 3615 830 3681; x_wconf 88' lang='lat' dir='ltr'><strong>Plaut.</strong></span> <span class='ocrx_word' id='word_1_311' title='bbox 857 3615 929 3681; x_wconf 86' lang='lat' dir='ltr'><strong>Mil.</strong></span> <span class='ocrx_word' id='word_1_312' title='bbox 959 3618 1019 3682; x_wconf 81' lang='lat'><strong>730</strong></span> <span class='ocrx_word' id='word_1_313' title='bbox 1041 3616 1156 3680; x_wconf 77' lang='lat' dir='ltr'><strong>c&#39;tc&#39;dcm</strong></span> <span class='ocrx_word' id='word_1_314' title='bbox 1179 3616 1275 3679; x_wconf 77' lang='lat' dir='ltr'><strong>dicos</strong></span> 
     </span>
     <span class='ocr_line' id='line_1_36' title="bbox 65 3716 1276 3801; baseline -0.003 -16"><span class='ocrx_word' id='word_1_315' title='bbox 65 3719 259 3801; x_wconf 76' lang='lat' dir='ltr'><strong>dispertisse</strong></span> <span class='ocrx_word' id='word_1_316' title='bbox 283 3719 387 3781; x_wconf 79' lang='lat' dir='ltr'><strong>uitam</strong></span> <span class='ocrx_word' id='word_1_317' title='bbox 410 3717 586 3782; x_wconf 78' lang='lat' dir='ltr'><strong>domanam</strong></span> <span class='ocrx_word' id='word_1_318' title='bbox 608 3737 743 3799; x_wconf 78' lang='lat' dir='ltr'><strong>aequom</strong></span> <span class='ocrx_word' id='word_1_319' title='bbox 764 3716 841 3796; x_wconf 76' lang='lat' dir='ltr'><strong>fuit.</strong></span> <span class='ocrx_word' id='word_1_320' title='bbox 885 3717 1054 3784; x_wconf 87' lang='lat' dir='ltr'><strong>Nimirum</strong></span> <span class='ocrx_word' id='word_1_321' title='bbox 1077 3716 1276 3781; x_wconf 87' lang='lat' dir='ltr'><strong>obuersatur</strong></span> 
     </span>
    </p>
   </div>
   <div class='ocr_carea' id='block_1_5' title="bbox 64 3871 1275 4011">
    <p class='ocr_par' dir='ltr' id='par_1_5' title="bbox 64 3871 1275 4011">
     <span class='ocr_line' id='line_1_37' title="bbox 149 3871 1275 3936; baseline 0.002 -13"><span class='ocrx_word' id='word_1_322' title='bbox 149 3878 165 3909; x_wconf 73' lang='lat'>⁸</span> <span class='ocrx_word' id='word_1_323' title='bbox 184 3871 237 3924; x_wconf 79' lang='lat' dir='ltr'><strong>Sed</strong></span> <span class='ocrx_word' id='word_1_324' title='bbox 253 3872 303 3922; x_wconf 89' lang='lat' dir='ltr'><strong>boc</strong></span> <span class='ocrx_word' id='word_1_325' title='bbox 319 3871 373 3922; x_wconf 84' lang='lat' dir='ltr'><strong>iam</strong></span> <span class='ocrx_word' id='word_1_326' title='bbox 391 3872 489 3936; x_wconf 87' lang='lat' dir='ltr'><strong>posuit,</strong></span> <span class='ocrx_word' id='word_1_327' title='bbox 506 3872 592 3932; x_wconf 88' lang='lat' dir='ltr'><strong>credo,</strong></span> <span class='ocrx_word' id='word_1_328' title='bbox 608 3872 709 3922; x_wconf 87' lang='lat' dir='ltr'><strong>Auctor</strong></span> <span class='ocrx_word' id='word_1_329' title='bbox 727 3873 776 3922; x_wconf 90' lang='lat' dir='ltr'><strong>inc.</strong></span> <span class='ocrx_word' id='word_1_330' title='bbox 795 3871 830 3921; x_wconf 87' lang='lat' dir='ltr'><strong>ad</strong></span> <span class='ocrx_word' id='word_1_331' title='bbox 846 3872 1006 3922; x_wconf 85' lang='lat' dir='ltr'><strong>Herennium</strong></span> <span class='ocrx_word' id='word_1_332' title='bbox 1024 3871 1063 3922; x_wconf 90' lang='lat' dir='ltr'><strong>IV</strong></span> <span class='ocrx_word' id='word_1_333' title='bbox 1079 3884 1159 3922; x_wconf 89' lang='lat' dir='ltr'><strong>xxxv</strong></span> <span class='ocrx_word' id='word_1_334' title='bbox 1178 3871 1275 3932; x_wconf 63' lang='lat' dir='ltr'><strong>(Marx)</strong></span> 
     </span>
     <span class='ocr_line' id='line_1_38' title="bbox 64 3935 1164 4011; baseline -0.006 -16"><span class='ocrx_word' id='word_1_335' title='bbox 64 3941 90 3995; x_wconf 80' lang='lat' dir='ltr'><strong>is</strong></span> <span class='ocrx_word' id='word_1_336' title='bbox 107 3941 221 4011; x_wconf 82' lang='lat' dir='ltr'><strong>oportet</strong></span> <span class='ocrx_word' id='word_1_337' title='bbox 237 3936 328 3992; x_wconf 74' lang='lat' dir='ltr'><strong>istum</strong></span> <span class='ocrx_word' id='word_1_338' title='bbox 344 3935 494 3992; x_wconf 76' lang='lat' dir='ltr'><strong>mocimus</strong></span> <span class='ocrx_word' id='word_1_339' title='bbox 505 3952 612 4005; x_wconf 77' lang='lat' dir='ltr'><strong>poenos</strong></span> <span class='ocrx_word' id='word_1_340' title='bbox 628 3936 739 3991; x_wconf 77' lang='lat' dir='ltr'><strong>dedisse</strong></span> <span class='ocrx_word' id='word_1_341' title='bbox 757 3936 864 4004; x_wconf 82' lang='lat' dir='ltr'><strong>(cclit);</strong></span> <span class='ocrx_word' id='word_1_342' title='bbox 881 3936 954 3990; x_wconf 79' lang='lat' dir='ltr'><strong>uelit</strong></span> <span class='ocrx_word' id='word_1_343' title='bbox 972 3939 999 3989; x_wconf 89' lang='lat' dir='ltr'><strong>bl</strong></span> <span class='ocrx_word' id='word_1_344' title='bbox 1018 3938 1091 3989; x_wconf 86' lang='lat' dir='ltr'><strong>omis.</strong></span> <span class='ocrx_word' id='word_1_345' title='bbox 1112 3938 1164 3989; x_wconf 80' lang='lat' dir='ltr'><strong>cM.</strong></span> 
     </span>
    </p>
   </div>
   <div class='ocr_carea' id='block_1_6' title="bbox 0 0 1429 4672">
    <p class='ocr_par' dir='ltr' id='par_1_6' title="bbox 0 0 1429 4672">
     <span class='ocr_line' id='line_1_39' title="bbox 0 0 1429 4672; baseline 0 0"><span class='ocrx_word' id='word_1_346' title='bbox 0 0 1429 4672; x_wconf 95' lang='lat' dir='ltr'><strong> </strong></span> 
     </span>
    </p>
   </div>
  </div>
 </body>
</html>
