2836 4672
151 190 211 272 ies

108 375 152 438 ie.
175 373 242 440 xv
264 375 325 438 ees

191 479 309 538 cucata
325 494 467 554 peterem
489 473 635 554 rapiebat
657 472 700 535 od
721 471 849 535 aethera
865 490 978 551 pennu

188 595 249 655 per
270 574 371 639 nobee
393 574 516 654 aquito,
539 575 663 636 intexto
688 572 807 637 librate
828 571 952 636 colato.

106 675 282 741 Claudiam.
305 674 429 740 XXXI
451 678 470 739 2

191 777 315 840 nitidos
337 777 455 838 intexti
478 776 601 855 creneio
624 777 819 837 successerat
840 774 928 835 antri

106 1060 139 1127 V
162 1063 222 1125 571

191 1160 333 1225 nubibus
355 1164 385 1222 et
406 1159 493 1223 caelo
516 1163 612 1222 notes·
634 1163 696 1235 θείς
716 1159 747 1221 ac'
769 1176 939 1220 morenaco
955 1160 1053 1237 ponti

191 1261 402 1337 concutiente,
425 1261 492 1323 cori
514 1261 624 1322 ueniet
645 1278 743 1322 enare.

190 1410 284 1476 Haec
315 1411 414 1474 lectio
447 1411 595 1474 omnium
628 1410 778 1474 codicum
811 1411 962 1495 (excepto
995 1409 1037 1486 V,
1065 1409 1125 1495 qui
1146 1408 1241 1489 feriet
1260 1430 1303 1472 ex-

107 1512 215 1596 hibet)
246 1532 328 1575 uera
361 1510 444 1574 mihi
477 1531 547 1574 esse
580 1510 724 1574 uidetur.
774 1508 896 1574 Omnes
921 1531 1001 1574 uero
1014 1511 1031 1543 *
1055 1509 1200 1575 editores
1221 1509 1303 1574 Bers-

109 1634 269 1677 mannum
295 1611 402 1676 secuti
427 1610 531 1674 edunt
557 1614 698 1675 cernent.
741 1609 838 1674 Licet
863 1610 1081 1674 concedamus
1103 1610 1199 1674 iilam
1220 1610 1303 1674 Bers-

108 1713 223 1777 manni
256 1712 500 1789 correctionem,
534 1711 623 1796 quod
649 1711 693 1776 ad
718 1708 1032 1796 palaeographicam
1059 1710 1224 1776 rationem
1244 1730 1302 1795 per-

106 1814 202 1891 tinet,
231 1832 301 1876 esse
326 1811 532 1876 lenissimam
559 1816 592 1875 et
613 1811 797 1896 perbonum
818 1811 956 1875 reddere
978 1832 1122 1888 sensum,
1145 1831 1211 1874 non
1231 1809 1301 1883 ideo,

107 1913 269 2000 quomodo
302 1913 338 1975 in
372 1910 543 1976 difficilius
577 1912 702 1975 mutari
734 1913 883 1997 potuerit
915 1911 1065 1975 codicum
1097 1910 1205 1988 lectio,
1232 1909 1300 1974 satis

106 2018 255 2098 apparet.
298 2010 450 2090 Accedit,
474 2012 562 2098 quod
585 2016 755 2076 structura
778 2033 824 2089 ea,
846 2032 931 2097 quae
947 2016 998 2075 est
1012 2012 1080 2075 cori
1094 2012 1299 2079 occetano,

105 2118 278 2198 poetarum
312 2114 352 2177 de
384 2112 438 2177 his
470 2112 570 2176 rebus
603 2111 770 2176 scribendi
803 2111 928 2176 rationi
954 2130 1091 2197 prorsus
1118 2107 1183 2175 non
1205 2108 1299 2176 aliena

106 2214 254 2294 uidetur;
278 2213 328 2278 eir

104 2313 143 2378 H
164 2316 227 2379 454

509 2433 608 2494 qoem
630 2432 719 2476 mare
734 2413 883 2493 possidet
905 2418 1014 2477 cester

190 2514 325 2594 flatibus
346 2514 538 2592 dominante,
559 2513 645 2577 tnnc
668 2531 806 2593 aequora
829 2517 895 2577 toto
916 2518 1099 2594 sequuntur

104 2614 225 2681 11459

373 2713 584 2795 nubiferoque
600 2714 700 2794 polos
722 2734 822 2793 quum
844 2717 974 2780 cesserit
996 2735 1073 2780 enro

189 2816 339 2881 uindicat
360 2816 450 2880 ando
472 2820 594 2879 notem.

104 2915 137 2982 V
159 2918 219 2980 605

189 3037 246 3081 nec
263 3016 393 3097 perfert
410 3022 551 3098 pontum
574 3017 684 3081 boreas
706 3016 750 3080 od
770 3035 851 3080 sexa
872 3037 1029 3098 scemeca

189 3118 227 3181 in
247 3117 366 3198 (tuctus
387 3119 455 3183 coci
476 3118 605 3199 francet
626 3137 714 3182 more

188 3216 237 3283 Et
261 3218 440 3302 genetiuus
466 3220 577 3283 uenti
604 3223 637 3282 et
659 3219 799 3284 uerbum
821 3219 977 3284 mouendi
1000 3219 1040 3284 de
1063 3221 1162 3285 mari
1183 3211 1288 3287 adhibi·

104 3324 177 3385 tum
198 3318 420 3383 inueniuntur
440 3318 513 3383 loco
534 3322 647 3383 nostro
669 3316 748 3384 huie
770 3319 951 3397 simillimo,

108 3418 218 3485 Valor.
241 3416 352 3483 Flaco.
374 3415 505 3504 Argon.
527 3416 566 3483 H
588 3419 649 3483 505

640 3537 706 3583 non
727 3519 880 3599 flectibus
902 3522 1013 3600 ceques

188 3617 337 3698 nubiferi
358 3620 450 3683 uenit
471 3620 562 3683 anda
584 3621 653 3684 noti

187 3719 271 3785 Alia
286 3720 438 3806 exempla
449 3720 627 3785 uerborum
639 3721 794 3786 mouendi
805 3722 869 3787 tadi
881 3743 979 3786 sensu
992 3721 1218 3788 adhibitorum
1227 3714 1289 3784 'sunt

105 3819 231 3886 Lucan.
253 3819 313 3885 ΙΙΙ
335 3821 395 3885 549
877 3833 880 3838 ’

189 3925 235 4000 nt,
259 3922 407 4002 quotiens
429 3925 537 3984 aestus
559 3922 710 4006 zephyris
731 3925 881 4004 ensisque
902 3929 1073 4005 reponant,

191 4020 251 4086 inc
273 4021 392 4087 obeant
412 4020 540 4101 fluctuo,
563 4023 623 4088 illo
646 4043 734 4087 mere

188 4213 203 4244 ⁴
221 4210 338 4261 Hasklus
355 4209 479 4263 uerrunt
495 4210 606 4276 praebet
