2836 4672
211 159 251 220 58

249 324 381 403 quaeris
403 321 495 400 ...?;
517 321 609 389 VIII
630 326 693 389 352
714 345 786 410 aqq.
809 323 892 404 quid
991 327 1205 407 apamia...
1227 327 1361 408 quid...

169 423 288 488 doces?
309 425 404 489 aliua.

253 565 283 624 4.
327 557 422 625 Ocni
443 559 732 646 prohibitiuus:
755 557 857 624 Pcrf.
879 558 965 624 coni.
987 560 1122 648 ubique.

253 659 345 726 VIII
365 662 429 726 450
450 682 499 746 sq.
522 680 563 723 ne
663 661 862 739 speram&
883 658 936 726 IX
959 663 1020 725 126
1041 683 1090 749 sq.
1113 665 1365 742 aec..putcria;

170 761 189 826 Ι
211 764 252 828 53
274 782 324 847 aq.
347 781 449 842 neque
552 760 671 840 leceris
693 810 725 824 ..
748 782 806 824 nec
919 759 1102 827 Antecedit
1122 760 1243 850 imper.
1259 771 1365 850 negat,

170 858 325 949 sequitur
351 863 435 927 coni.
462 859 623 947 prohibit.
650 859 721 926 VH
743 863 805 927 590
827 883 867 925 ne
887 883 946 925 rue
968 912 1026 927 ...
1048 883 1106 926 nee
1128 913 1161 929 ..
1184 863 1365 929 admoueris.

253 962 386 1040 Restat,
400 968 441 1027 ut
455 962 496 1027 de
511 962 765 1049 imperatiuia
781 963 939 1048 negatis
954 984 1062 1049 pauca
1076 963 1240 1030 dicamus.
1270 963 1366 1050 Nega-

170 1064 273 1129 ticnia
295 1063 459 1150 simplicia
480 1064 589 1127 forma
609 1062 708 1146 longe
729 1063 1003 1148 frequentissima
1023 1068 1088 1128 est:

253 1163 320 1242 Ne;
341 1163 438 1229 cuius
459 1185 541 1228 usus
564 1162 716 1249 exempla
737 1162 921 1228 abundant.
963 1163 1017 1228 Ne
1038 1170 1114 1250 post
1138 1165 1368 1252 imparatiuum

170 1266 355 1330 collocatur
379 1261 534 1330 '111328
556 1265 684 1343 parcite
704 1284 746 1327 ne
767 1264 893 1328 castris.
935 1262 1166 1349 Imperatiuus
1187 1268 1286 1333 uerbi
1305 1287 1368 1352 pas·

172 1366 240 1430 aiui
262 1372 404 1450 negatus
426 1364 528 1429 semel
549 1365 732 1443 inuenitur,
755 1363 810 1429 IX
832 1366 893 1430 982
916 1386 956 1428 ne
975 1369 1117 1446 taayere.
1147 1363 1261 1448 Quam
1276 1372 1367 1433 struc-

171 1472 284 1531 turam
308 1471 386 1532 ante
407 1465 584 1532 Lucanum
605 1464 775 1529 inuenisse
797 1486 833 1529 se
855 1471 956 1550 negat
977 1463 1171 1533 Obermeiar
1191 1467 1258 1533 11.
1281 1490 1312 1555 p.
1326 1470 1367 1533 18.

255 1565 351 1630 Non:
372 1565 482 1632 Semel
503 1570 647 1643 tantum,

171 1665 204 1730 V
227 1669 266 1732 18

642 1786 707 1830 non
730 1786 795 1846 qua
817 1766 933 1831 tellure
955 1770 1057 1833 coacti

256 1888 416 1948 quamque
432 1867 552 1947 procul
574 1869 666 1931 tectis
687 1871 798 1946 captae
818 1867 987 1933 sedeamus
1008 1868 1048 1932 ab
1069 1869 1161 1933 urbia

256 1970 386 2049 cernite,
407 1968 465 2032 sed
486 1972 612 2032 uestrae
632 1968 749 2048 faciem
771 1970 954 2049 coqnoscite
976 1970 1096 2035 tardae.

172 2102 217 2167 H.
239 2102 263 2169 1.
286 2103 353 2169 sibi
375 2108 589 2190 opponuntur
611 2103 747 2189 quidem
769 2124 817 2182 ea,
840 2123 927 2189 quae
948 2124 1009 2188 per
1022 2124 1089 2168 aon
1103 2110 1138 2170 at
1151 2126 1239 2192 quac
1252 2103 1369 2192 persed

172 2204 392 2282 inducuntur,
416 2204 474 2268 sed
496 2203 633 2290 utrique
655 2203 841 2268 sententiae
861 2204 1030 2290 peculiare
1050 2210 1102 2270 est
1123 2207 1277 2271 uerbum.

256 2303 498 2370 Adiunctionis
516 2305 696 2389 negatiuae
711 2304 899 2389 particulae
918 2306 1021 2390 (post
1040 2304 1368 2389 affirmationem·

255 2406 342 2470 Nec:
362 2404 416 2471 IX
439 2406 518 2470 1081
542 2425 591 2491 sq.
615 2425 672 2469 aec
692 2404 808 2485 fallere
829 2408 953 2469 uosmet
971 2409 976 2488 Ι
996 2404 1116 2469 credite
1085 2406 1304 2472 tuictcrcm.

256 2505 391 2570 Nec—
413 2526 487 2569 aec:
518 2504 539 2569 I
563 2507 604 2571 93
631 2527 740 2592 sq..
761 2525 850 2569 .aec
875 2505 1027 2586 centibus
1047 2504 1130 2570 ullis
1148 2506 1154 2591 Ι
1172 2507 1302 2586 credite,
1322 2525 1370 2571 nec

175 2607 271 2688 lonyc
292 2606 436 2687 satorum
459 2606 603 2684 exempla
620 2610 786 2686 petantur.

257 2705 366 2771 Neue:

172 2806 212 2873 ΙΙ
234 2810 274 2872 39

258 2928 347 2972 ncnc
370 2909 492 2973 laniate
514 2928 621 2973 comus
642 2929 723 2973 aeae
745 2907 832 2972 dunc
854 2908 983 2988 differte
1005 2908 1149 2973 dolorem

258 3014 288 3072 et
308 3012 445 3074 cucumis
466 3015 592 3073 seruate
613 3010 712 3074 malie

173 3142 243 3209 Ubi
275 3165 335 3230 per
367 3150 397 3208 et
423 3143 640 3209 continuatur
666 3145 810 3229 negatio,
837 3143 927 3231 quod
948 3142 1085 3209 Lucano
1106 3143 1143 3208 in
1167 3143 1301 3212 deliciis
1321 3148 1372 3210 cat.

611 3472 656 3545 D.
711 3475 951 3546 infinitiuus.

259 3647 357 3713 Hanc
393 3653 574 3734 syntaxeos
609 3646 785 3713 Lucaneae
821 3653 952 3734 partem
984 3647 1148 3713 tractauit
1180 3648 1318 3734 quidam
1346 3644 1376 3714 J.

177 3747 332 3815 Schmidt
353 3748 419 3833 (Da
440 3771 505 3814 usu
527 3748 692 3814 infinitiui
714 3748 805 3834 apud
826 3747 1002 3813 Lucanum
1024 3796 1140 3826 ......
1162 3747 1243 3815 diss.
1259 3748 1376 3816 Hulen·

175 3850 285 3928 siaa
257 3852 406 3935 1881)
429 3849 487 3915 sed
508 3870 616 3936 pauca
638 3852 727 3928 sunt,
751 3870 836 3936 quae
859 3849 926 3914 alio
948 3849 1045 3914 modo
1067 3847 1254 3916 constituta
1272 3847 1377 3916 uelim

175 3949 321 4016 Partitio
344 3951 425 4017 haec
448 3956 511 4015 est:

260 4055 280 4134 ξ
314 4055 342 4116 1.
396 4051 448 4116 De
484 4051 553 4115 inf.
591 4051 689 4116 subi.
725 4052 796 4116 loco
832 4051 951 4175 pcsito
1009 4047 1248 4116 Praedicatum
1285 4051 1379 4118 huius

178 4151 238 4216 inf.
262 4158 325 4218 est:
