2836 4672
208 171 267 233 172

164 333 264 400 Ouid.
286 334 341 399 Ex
362 333 459 398 Pont.
481 333 501 398 Ι
522 351 536 397 1
558 335 598 397 79

248 437 346 514 iaqac
370 434 475 498 locam
497 434 647 516 Scythico
670 451 810 496 uaccam
832 433 981 496 iactabar
1003 432 1042 496 ab
1065 452 1143 496 acca

163 535 208 601 id.
231 535 283 601 IV
304 553 364 600 xrv
386 539 404 599 7

248 636 343 734 italia
365 635 448 699 miii
470 654 548 699 caia
571 638 626 712 est,
650 639 820 714 terraque
843 637 948 697 mater
969 634 1008 698 ab
1031 635 1096 696 ista

163 736 319 802 Fortasse

164 838 290 903 erean.
314 836 366 902 VI
387 839 428 900 44

248 941 416 1016 castraque
442 935 597 1000 Caesareo
618 934 838 1000 circumdatas
860 953 977 1015 aeaeae
998 938 1112 999 areatat.

248 1035 346 1120 Quod
368 1035 411 1101 ad
435 1057 569 1101 sensum
592 1033 813 1101 conferendus
835 1035 972 1100 uidetur
993 1035 1087 1099 locus
1109 1033 1241 1122 quidem
1262 1033 1348 1099 Luca-

163 1160 247 1204 ROUS

163 1238 222 1304 ΠΙ
244 1241 370 1418 Mirari
393 1337 570 1401 translatas
592 1341 721 1400 eaastae
743 1335 905 1400 Phocidos
927 1356 1024 1401 arceo.

164 1590 196 1656 V
220 1592 279 1655 285

448 1708 548 1769 11111
570 1689 649 1752 adeo
671 1688 735 1752 sati
757 1689 914 1753 ciaitibas
935 1691 1038 1752 armis

248 1792 419 1868 acacianae,
443 1791 537 1855 caiae
557 1789 688 1853 sceleris
709 1791 754 1853 sit
775 1791 918 1853 maxima
939 1789 1080 1854 merces?

248 1891 299 1955 aii
321 1895 428 1955 actam
451 1894 498 1953 est
520 1890 623 1967 bettio,
646 1892 676 1952 si
698 1889 844 1953 noadaia
867 1892 1022 1970 comperit
1043 1892 1126 1954 istas

249 1993 359 2056 amaia
375 2011 473 2072 posse
494 2010 621 2054 maaca.
665 2011 722 2054 aec
743 1989 797 2070 fas
819 2011 875 2055 aee
897 1991 1033 2055 aiacaia
1055 1992 1142 2055 iaris

247 2091 305 2158 hoe
327 2092 445 2156 aadeie
466 2096 587 2156 aetaat.
631 2090 741 2155 Rieai
763 2091 845 2155 aiiii
871 2090 992 2155 Caesar
1012 2093 1049 2156 ia
1071 2091 1173 2156 iadis

249 2194 316 2257 (iae
338 2197 415 2270 erat,
438 2194 491 2258 iic
512 2193 628 2256 socias,

248 2343 427 2409 Francken
449 2366 481 2407 1.
505 2345 565 2408 287
589 2365 649 2428 pro
671 2345 753 2406 istas
774 2343 899 2427 recepit
914 2341 1043 2428 Guyeti
1058 2344 1286 2408 coniecturam
1301 2346 1370 2408 ista.

163 2444 322 2510 Omnium
354 2445 501 2530 primum
534 2441 772 2529 quaerendum,
801 2463 966 2530 quaenam
991 2463 1113 2508 manus
1138 2444 1373 2530 respiciantur.

164 2545 256 2611 Satis
279 2543 346 2610 erit
366 2545 519 2628 legentes
541 2544 690 2627 relegare
713 2543 895 2609 aduersus
919 2544 1066 2630 proxime
1089 2544 1325 2611 antecedentes
1344 2551 1377 2609 et

164 2650 354 2732 sequentes3
377 2643 459 2710 haee
480 2644 703 2709 inueniuntur

163 2747 195 2812 V
218 2750 277 2811 242

799 2851 801 2853 ’
827 2865 932 2926 paeae
954 2845 1067 2926 fideles

241 2968 304 3026 per
326 2951 372 3010 tot
395 2946 478 3010 betia
500 2965 617 3010 acaaas
638 2947 774 3010 satiatae
795 2948 958 3028 saayaiae
980 2946 1109 3010 taadcca

248 3047 419 3111 destituere
442 3046 553 3112 daeeac

163 3148 195 3214 V
218 3150 278 3212 252

248 3252 294 3312 tot
316 3249 421 3326 raptis
444 3252 579 3312 tiaacas
600 3248 752 3313 manibus
773 3249 948 3330 electioque
970 3249 1103 3314 relictas

242 3369 347 3429 paeae
369 3369 427 3412 sao

163 3450 195 3516 V
218 3454 278 3515 272

247 3553 334 3615 imas
357 3552 394 3614 ia
416 3571 509 3615 omae
531 3550 624 3631 aetas
645 3551 796 3615 maaibaa
816 3553 966 3634 ferioque
988 3555 1136 3617 aoeeates

162 3651 195 3716 V
217 3653 278 3717 355

606 3754 769 3831 sperantis
791 3755 901 3816 oiicaia
924 3753 1055 3816 dextras

248 3873 413 3916 exerceare
436 3853 542 3930 (tatae,
565 3854 682 3933 quibas
705 3852 758 3916 hic
779 3874 846 3916 aaa
867 3853 992 3935 suflicit
1014 3854 1110 3919 orbis,

249 3952 445 4018 Desiderari
466 3953 603 4018 uidetur
625 3954 811 4019 subiectum
834 3954 930 4018 uerbi
952 3955 1122 4034 comperit
1144 3955 1300 4024 Haskins
1321 3981 1379 4024 au·

165 4052 323 4118 diendum
357 4075 428 4119 esse
461 4055 510 4118 ait
537 4054 641 4133 miter,
668 4055 772 4134 nullo,
794 4058 836 4118 ut
857 4053 1003 4134 uidetur,
1026 4055 1111 4120 iure.
1154 4055 1380 4125 Coniecturae

165 4151 387 4239 Guyetianae‚
411 4176 478 4242 qua
499 4158 633 4239 recepta
656 4154 843 4220 subiectum
865 4160 981 4241 aptum
1003 4155 1157 4221 redditur
1176 4160 1376 4237 sententiae,
