2836 4672
244 351 303 418 Ad
318 353 494 439 uulgatam
507 355 692 440 praesentis
703 355 776 418 uim
788 375 890 441 prope
901 353 1054 420 acoedere
1064 355 1201 422 uidetur
1211 381 1374 444 praesens

160 452 258 532 illud,
280 453 370 543 quod
392 454 586 520 actionem
608 456 789 541 praeterito
811 460 959 541 tempore
977 462 1128 541 coeptam
1142 459 1375 527 etiamnunc

160 561 453 641 permanentem
475 553 620 620 inducit:

159 652 180 721 I
202 656 262 722 299

245 755 405 820 bellorum
427 776 446 821 c
467 757 559 834 sccii,
583 757 641 837 qui
662 756 754 820 mille
771 757 922 837 pericula
943 757 1066 823 Martis

244 877 377 936 mecam,
400 859 457 935 ait,
480 858 605 938 experti
627 858 776 922 decimo*
799 859 865 922 iam
887 860 1025 922 uincitis
1045 878 1132 923 aoso

243 1006 327 1076 Alia
348 1010 502 1097 exempla
522 1015 603 1076 aunt
622 1007 657 1077 V
677 1011 739 1076 385
761 1029 825 1100 sq.;
846 1012 918 1076 423.

244 1108 407 1177 Praesens
443 1111 525 1176 item
562 1110 743 1176 adhibetur
775 1111 817 1175 de
848 1112 978 1176 actione
1011 1113 1190 1198 praeterito
1222 1119 1378 1200 tempore

160 1210 317 1298 perfecta,
342 1211 438 1277 cuius
461 1211 653 1277 etiamnunc
676 1217 849 1298 permanet
869 1209 1022 1292 effectum
1044 1213 1141 1279 uelut

245 1417 280 1476 at
295 1416 472 1493 pompeam
495 1410 582 1493 tepea
603 1411 687 1478 belle
709 1412 829 1477 siluere
851 1417 986 1492 coactae,

239 1512 401 1593 pellimur
422 1534 438 1577 e
454 1513 580 1593 patriis
602 1512 727 1578 taribus

160 1609 213 1681 IX
237 1615 318 1681 1016

244 1734 302 1779 ree
323 1714 384 1780 tibi
405 1713 559 1780 Pellaeas
580 1714 658 1780 belli
674 1714 852 1797 pelopiqce
874 1715 999 1780 iabores

245 1816 347 1881 docet
369 1819 408 1894 rt,
431 1813 600 1881 Emathiis
622 1817 710 1896 qaod
731 1817 838 1881 solam
861 1817 968 1898 defait
989 1819 1099 1893 orinia

244 1916 370 1981 exhibet

245 2066 372 2135 Eodem
390 2068 494 2146 modo,
510 2089 576 2156 quo
592 2065 713 2133 Graeci
728 2075 873 2134 utuntur
887 2070 1000 2134 uerbis
1011 2072 1136 2148 ἀκούω,
1147 2071 1372 2153 πυνθάνομαι,

156 2172 348 2257 γιγνώσκω,
383 2167 499 2236 Latini
526 2168 706 2256 scriptores
733 2191 983 2257 nonnumquam
1005 2170 1109 2235 uerba
1130 2171 1290 2237 audiendi
1314 2176 1373 2239 ad-

161 2270 291 2337 hibent:

159 2368 179 2439 I
201 2373 263 2439 ose

421 2473 575 2554 dirasque
597 2473 684 2538 diem
705 2474 852 2555 foedasse
874 2473 1024 2538 uolucres

244 2574 423 2654 accipimus

249 2722 446 2812 excnplum
480 2745 559 2790 sane
586 2726 778 2801 notandum,
806 2724 893 2788 unde
921 2730 1061 2809 apparet
1083 2725 1117 2788 in
1140 2724 1204 2790 tali
1226 2747 1261 2790 re
1284 2727 1372 2794 duas

160 2824 261 2892 facilc
283 2830 471 2891 stmctcras
494 2824 666 2912 scriptoris
689 2826 800 2890 animo
822 2823 1003 2895 obuersari.
1027 2831 1137 2889 exstat

248 3024 450 3091 'l'liessalieos
472 3044 630 3107 quaereas
651 3024 799 3107 Maccus
820 3043 972 3105 reparare
994 3027 1111 3090 caicus

245 3147 318 3191 rese
340 3127 422 3191 iacet
444 3131 554 3192 cestro

246 3276 311 3346 Hic
344 3279 461 3345 caecidit
493 3279 633 3345 uerbum
666 3281 764 3367 quasi
790 3280 861 3345 loco
884 3280 1056 3345 detrusum
1078 3280 1232 3344 uidemus
1255 3282 1369 3361 uerbo,

161 3378 248 3469 quod
273 3384 324 3445 est
345 3381 436 3445 iacet.

248 3478 308 3547 Vis
341 3480 597 3567 perdurationis
631 3503 698 3569 qua
731 3502 789 3546 nec
816 3482 1019 3568 principium
1045 3503 1104 3547 neo
1126 3479 1203 3548 finis
1225 3483 1369 3549 actionis

161 3580 348 3668 respicitur,
377 3618 416 3629 -—
442 3602 543 3668 quam
566 3583 707 3647 actionis
731 3582 955 3648 condicionem
977 3582 1128 3646 »kursive
1150 3581 1368 3648 Aktionsarts

162 3680 334 3769 uprpcllant
356 3718 396 3728 --
420 3680 454 3744 in
477 3687 649 3766 praesente
672 3682 741 3759 illo,
764 3683 852 3769 quod
873 3687 1013 3748 uocatur
1035 3682 1079 3746 de
1095 3686 1249 3759 conatu,
1267 3705 1368 3768 agno-

160 3781 266 3847 scitur
289 3780 398 3869 probe.

249 3880 334 3947 Voce
366 3881 529 3969 pecuiiari
556 3889 615 3948 aut
641 3883 819 3948 uerborum
846 3883 934 3948 inter
956 3903 991 3947 se
1014 3903 1101 3946 nexu
1123 3882 1293 3948 indicatur
1315 3907 1368 3949 ao-

161 3981 284 4047 tionem
308 3981 351 4047 ed
373 3981 473 4048 tinem
496 3981 690 4068 perductum
713 4004 778 4047 non
801 4003 885 4063 esse3
907 3983 1002 4048 uelut

245 4206 258 4236 '⁰
278 4203 389 4255 'l'slibur
409 4203 473 4255 locis
491 4204 616 4268 temporis
635 4202 769 4254 indicandi
788 4218 867 4254 causa
885 4203 1034 4254 ablatiuum
1052 4205 1174 4256 Lucanus
1192 4209 1309 4269 usurpat.
