2836 4672
145 138 207 202 184

103 302 282 388 legendum
304 307 400 380 esset,
416 325 551 369 causam
566 304 713 369 ostendit
727 302 827 369 hano:
847 326 913 369 non
929 304 969 369 de
984 303 1119 370 homine
1132 305 1300 391 probando,

104 404 162 469 sed
189 401 229 468 de
251 425 286 468 re
308 403 505 469 noscitanda
527 404 598 488 agi;
621 403 711 490 quod
733 425 893 490 apparere
915 425 933 469 e
954 405 1069 470 uerbis
1091 405 1300 471 antecedenti-

103 503 166 569 bus
188 505 270 585 quid
290 501 435 569 Dodona
456 509 556 568 sonet.
601 503 667 570 Sed
688 503 788 569 ualde
810 525 936 583 uereor,
958 526 1001 570 ne
1022 527 1136 570 rerum
1154 526 1301 592 ncxupa·

102 627 178 669 rum
199 611 371 691 perspecto
393 610 516 670 temere
539 606 732 670 mutauerit.
776 601 906 690 Agitur
928 605 968 671 dc
990 606 1097 671 nimia
1120 605 1154 672 S.
1176 605 1301 692 Pompei

103 705 277 790 religionis
302 705 524 791 negligentia:
556 706 725 791 primum
751 705 834 771 locis
856 705 1075 771 sollemnibus
1098 706 1177 772 deos
1199 705 1301 771 futtuo

103 806 290 892 aperientes
315 828 381 870 non
404 805 503 886 adiit3
529 804 562 869 h.
584 806 607 870 l.
631 806 764 871 deloco
787 811 848 870 aut
869 805 1002 870 homine
1024 806 1230 872 inueniendo
1249 829 1300 870 non

103 907 227 991 agitur,
254 929 331 971 nam
357 907 417 972 ubi
442 907 516 971 loca
541 907 603 972 illa
625 912 736 971 essent
757 907 941 982 constabat,
964 906 1220 995 sacerdotesque
1241 908 1299 971 deo-

103 1029 178 1071 rum
210 1008 410 1093 interpretes
443 1028 573 1092 semper
602 1006 742 1072 aderaut
767 1007 1005 1091 rogitantibus.
1049 1006 1205 1073 Deinde
1225 1029 1298 1084 uero,

103 1107 162 1172 ubi
189 1107 371 1194 quaerendi
392 1108 539 1193 primum
561 1112 657 1173 erant
678 1107 839 1187 homines
861 1107 921 1194 qui
942 1106 1083 1186 litando,
1107 1109 1297 1192 augurando,

105 1208 268 1272 seruando
296 1208 335 1272 de
362 1207 463 1287 caelo,
490 1212 582 1272 astra
604 1207 793 1284 scrutando,
816 1228 901 1293 quae
922 1208 1040 1273 futura
1063 1214 1185 1287 essent,
1207 1209 1241 1272 in
1259 1209 1296 1271 ln-

104 1329 173 1373 com
195 1309 391 1394 proferrent,
416 1314 513 1373 tanta
534 1309 605 1392 egit
626 1308 843 1392 negligentia,
865 1312 905 1372 ut
926 1328 967 1372 ne
990 1329 1044 1372 eos
1068 1308 1214 1394 quidem,
1235 1330 1295 1394 quo-

104 1431 180 1472 rum
211 1412 308 1473 tanta
340 1408 465 1494 ubique
497 1408 565 1473 fuit
597 1409 702 1494 copia,
735 1409 795 1473 ubi
828 1409 990 1493 reperiret
1022 1413 1056 1473 ct
1082 1408 1172 1474 unde
1194 1409 1296 1474 acciret

104 1514 287 1594 quaereret.
342 1508 440 1590 Quod
473 1509 634 1574 Romanis
667 1509 868 1574 inauditnm.
922 1506 1052 1592 Agitur
1085 1509 1242 1573 nimirum
1266 1508 1294 1569 de

104 1609 237 1673 homine
269 1630 334 1673 non
367 1609 538 1695 probando
571 1609 629 1674 sed
661 1609 864 1695 reperiendo.
908 1609 1034 1688 Lectio,
1062 1630 1149 1695 quae
1170 1609 1221 1674 est
1239 1612 1294 1688 qao

104 1729 234 1774 noscere
259 1709 353 1788 libris
378 1709 453 1790 fato
479 1714 588 1789 queat,
610 1710 685 1776 idco
707 1709 879 1795 probanda
901 1731 966 1773 non
989 1714 1048 1788 est,
1072 1708 1162 1797 quod
1184 1708 1222 1774 dc
1240 1708 1292 1772 ritu

103 1809 227 1874 litandi
259 1831 325 1874 non
358 1811 482 1894 agitur.
536 1808 634 1891 Quod
666 1830 746 1875 uero
779 1814 881 1893 negat
906 1809 963 1874 Fr.
985 1810 1129 1890 prodero
1155 1828 1230 1874 oues
1247 1829 1291 1893 pro

105 1910 314 1994 augurium
350 1911 536 1975 nuntiare
570 1910 697 1975 dictum
730 1910 835 1974 altero
868 1910 1018 1994 exemplo
1051 1909 1206 1976 Iruoanec
1234 1906 1289 1982 niti,

105 2009 268 2076 afferendi
289 2010 449 2075 uidentur
470 2011 535 2075 loci
557 2011 715 2088 Lucanei

104 2127 123 2192 I
145 2130 206 2194 676

188 2228 266 2292 talis
288 2232 319 2290 et
341 2230 515 2292 77077777
537 2230 670 2309 rapitur
691 2234 841 2293 77777777
857 2249 920 2308 per
941 2229 1052 2292 orbem

186 2329 321 2394 uocibus·
343 2329 395 2391 bis
411 2330 559 2410 prodeas
579 2335 772 2410 arguentem
788 2335 923 2410 pectora
944 2329 1112 2394 Phoebum

103 2447 138 2511 X
161 2450 220 2513 179

681 2547 904 2628 quodcumqae
926 2550 1066 2612 celastis

187 2649 386 2730 Insculptum
409 2654 456 2712 est
477 2649 596 2734 777773,
613 2648 730 2729 profer
751 2649 903 2728 noscique
924 2649 1072 2713 uolentes

182 2750 287 2830 prode
309 2751 394 2815 deoc.

116 2947 119 2952 .
188 2885 253 2949 His
285 2885 368 2950 locis
400 2905 460 2970 per
486 2885 743 2969 metonymioam
769 2882 1025 2949 translationem
1052 2884 1200 2962 uerbum,
1217 2871 1290 2967 ¹quod

105 2986 238 3071 proprie
260 2985 470 3049 referendum
493 2988 565 3049 erat
587 2984 630 3048 ad
651 3005 731 3062 rem,
748 2983 885 3049 additur
899 3004 1074 3069 personae3
1097 2983 1147 3048 οὒ
1161 2982 1193 3050 V
1205 2982 1240 3046 89
1252 2993 1289 3057 sq·

103 3085 272 3170 (proferre
287 3087 343 3171 se).
373 3082 467 3149 Auos
482 3085 576 3170 ipsae
590 3085 700 3150 futuri
716 3085 864 3149 consciae
880 3082 1088 3148 inducuntur
1103 3083 1241 3169 saepius;
1254 3072 1292 3138 cfr

102 3203 187 3269 Luc.
209 3202 228 3267 Ι
250 3204 310 3268 587

187 3302 344 3383 folraioo's
366 3303 495 3368 edoctas
517 3307 623 3366 motos·
644 3322 808 3382 conosque
830 3302 970 3366 colentes

188 3404 346 3484 77777777
369 3409 399 3467 et
421 3405 565 3468 77077773
587 3404 789 3466 errantium
811 3410 883 3467 atre
900 3404 1028 3482 777777

105 3523 166 3588 Sil.
188 3522 267 3587 Ital.
289 3521 374 3586 Pun.
397 3521 449 3587 IV
473 3525 531 3586 121

500 3641 614 3703 peona
636 3625 816 3685 monstrare
836 3621 952 3702 futuro
974 3622 1136 3702 magistro

106 3723 192 3789 Stat.
215 3723 318 3788 Theb.
341 3723 399 3789 III
420 3727 480 3788 471

702 3822 894 3903 pernicibus
915 3822 980 3886 olis

189 3925 310 3990 addere
332 3924 506 3989 consiliam
528 3924 740 4004 uolucresque
763 3922 897 4003 implere
919 3921 1029 4002 futuri

106 4026 151 4091 id.
175 4024 266 4092 VIII
290 4028 349 4091 181

348 4130 406 4189 aot
428 4144 499 4189 7777
522 4145 584 4205 qao
607 4125 757 4189 uolucres
778 4142 848 4187 meo
870 4122 943 4203 fato
967 4119 1164 4202 loquemur?
