2836 4672
59 381 113 448 IV
136 385 249 546 &me
272 482 424 564 depeueri
445 483 641 544 strauisseut
661 482 732 561 fata
753 481 812 544 sut
835 479 932 560 toste,

146 603 213 647 rou
235 582 328 648 derat
348 583 444 663 fortis
466 582 623 662 rapiendo
646 581 778 646 dextera
801 581 871 645 leto.

58 683 155 750 VIII
177 685 238 748 568

145 783 233 865 quod
253 785 322 848 uisi
343 784 486 864 fatorum
509 783 594 865 tepeo
611 833 913 847 ........

147 985 338 1049 damaetam
361 984 421 1049 teto
444 984 607 1047 traherent
627 984 671 1048 ad
694 982 808 1047 littora
829 983 1005 1065 Mapuum,

145 1106 213 1149 riou
233 1084 297 1149 utli
319 1087 471 1149 comitum
492 1083 623 1149 steteris
638 1086 817 1167 praesapia
839 1085 955 1149 deraut

147 1202 337 1286 Cognatum
353 1203 454 1267 estid
468 1223 574 1287 genus
588 1203 786 1288 imperfecti,
798 1202 887 1290 quod
898 1207 1021 1267 uocant
1033 1202 1091 1266 »de
1103 1208 1270 1282 conetu›;

59 1304 122 1368 ubi
144 1303 299 1389 opposita
321 1323 418 1388 saepe
441 1303 607 1367 sententia
629 1304 782 1391 sequenti
803 1303 974 1368 indicatur
995 1302 1069 1366 ideo
1088 1301 1271 1388 perdurare

59 1404 236 1481 actionem,
260 1403 348 1489 qnod
369 1424 435 1467 non
458 1404 640 1487 contingat,
663 1409 703 1467 nt
720 1402 820 1468 finem
836 1408 988 1488 optatum
1003 1408 1103 1468 neate
1117 1403 1270 1467 absolue-

57 1511 126 1568 tur.
171 1502 338 1590 Pleraque
359 1502 512 1589 exempla
533 1504 595 1568 sub
617 1504 653 1585 b)
675 1524 806 1591 quoque
829 1503 949 1568 afferre
970 1503 1059 1569 lieet.

146 1709 204 1768 aut
227 1723 309 1784 quae
331 1723 390 1768 uos
411 1704 496 1768 uites
518 1706 646 1768 artimus
667 1705 704 1767 iu
725 1704 795 1785 fata
816 1704 1006 1786 relinqueris

145 1805 266 1868 irruitis
287 1805 496 1887 sparpeurta'
520 1804 619 1868 dabas
641 1809 698 1868 tua
719 1805 860 1868 membra
875 1804 1055 1884 procellis?

61 1903 273 2070 VIIIilfaivia
294 2005 444 2070 hostilem
459 2025 616 2087 praeceps
640 2005 792 2070 Goruatia
806 2007 950 2086 puppim

149 2258 451 2272 ........
491 2208 640 2286 'remoue
664 2208 835 2272 temeraria
857 2209 1021 2286 eouiuua’,

146 2409 275 2473 dixerat
296 2413 327 2472 et
349 2408 483 2472 classem
504 2428 622 2472 saeuus
643 2409 790 2489 rapiebat
811 2410 848 2472 iu
870 2409 996 2486 undam

144 2509 202 2573 sed
228 2509 307 2575 Oato
331 2509 497 2573 laudatam
518 2509 651 2573 iuueuis
673 2512 867 2589 compescuit
886 2511 984 2574 iram.

145 2625 268 2692 Restat
282 2632 321 2693 ut
336 2627 376 2690 de
387 2627 580 2692 iteratiuo
592 2648 722 2714 quoque
734 2627 927 2713 imperfecto
939 2649 1046 2714 panon
1058 2628 1221 2709 dicamne
1233 2629 1270 2692 in

57 2748 125 2814 qno
158 2749 281 2814 genere
308 2728 449 2793 aetionis
471 2728 647 2806 ›linearis›‚
670 2732 710 2792 ut
730 2729 781 2793 ita
803 2728 921 2808 dicam,
944 2729 1140 2815 plerumque
1161 2729 1270 2794 inesse

57 2830 112 2894 uis
135 2829 299 2914 quaedam
321 2828 526 2913 descriptiue
540 2826 687 2893 uidetur.
716 2827 883 2914 Exempla
897 2850 1005 2914 peuce
1019 2828 1140 2894 efferre
1154 2829 1269 2895 liceat:

57 2945 115 3012 HI
140 2948 199 3011 701

143 3046 197 3111 taio
219 3046 276 3110 ubi
297 3066 514 3127 compressam
531 3047 668 3128 pertitus
690 3046 868 3110 deduxerat
890 3046 1020 3126 hostem,

143 3149 251 3211 uietor
272 3151 304 3210 et
324 3147 500 3211 iuratumis
521 3167 664 3211 summas
685 3147 846 3211 remeabat
868 3148 913 3211 ad
934 3145 1053 3211 uades,

58 3263 152 3331 VIII
175 3267 236 3331 685

260 3363 319 3429 toa
340 3364 426 3447 tapes
451 3364 671 3446 Campumque
693 3370 723 3430 et
744 3369 851 3430 rostra
871 3365 1027 3444 mouebat,

145 3465 206 3531 aaa
226 3466 315 3546 faeie
335 3464 489 3530 Fortuua
512 3466 572 3530 tibi
594 3466 744 3531 Romarta
759 3465 921 3547 placebas.

142 3566 347 3653 Imperfeota
368 3566 565 3654 plerumque
587 3567 623 3631 in
645 3566 710 3632 fine
732 3589 850 3633 uersus
873 3567 1087 3632 collocantur.

142 3709 331 3766 Perfectum.
374 3699 448 3765 Hoo
473 3704 616 3786 tempue‚
644 3701 732 3787 quod
754 3700 960 3766 infirmam
983 3702 1114 3779 attinet,
1137 3706 1271 3767 constet

58 3801 223 3867 ooeluieee
256 3822 297 3866 ex
329 3800 503 3866 elementis
529 3806 562 3865 et
583 3802 723 3888 perfecti
744 3806 778 3867 et
800 3801 918 3866 noristi
939 3802 1160 3887 primigeniae
1182 3823 1267 3866 oom-

58 3903 171 3966 munie
204 3901 351 3986 linguae.
406 3900 504 3983 Quod
536 3901 581 3966 ad
613 3903 684 3966 uim
709 3907 744 3967 et
769 3923 866 3966 usum
889 3903 920 3966 si
942 3925 1017 3967 oum
1039 3903 1116 3966 aliie
1137 3902 1268 3986 linguis

142 4095 157 4124 *
176 4090 240 4141 'Pele
266 4089 341 4154 impf.
368 4089 397 4140 in
424 4089 557 4140 sententia
582 4089 754 4141 condicionali
777 4092 881 4140 exstare
902 4089 1009 4140 uidetur
1029 4089 1082 4140 VII
1100 4086 1151 4140 645
1167 4105 1206 4153 sq.
1221 4128 1226 4138 .
1240 4126 1266 4140 ..

54 4158 120 4224 poet
137 4154 251 4224 proelio
272 4154 351 4209 matie
365 4156 369 4219 Ι
384 4154 411 4208 m'
432 4153 587 4218 domiuum,
599 4152 736 4223 fortuma,
753 4153 848 4219 datae,
866 4158 893 4208 et
911 4153 985 4207 bella
1001 4152 1132 4208 deditus.
1166 4153 1269 4209 Dabat

62 4245 86 4267 =
101 4224 212 4276 »natura
228 4239 311 4276 em».
346 4224 392 4276 Otr
408 4227 485 4275 notae
502 4224 645 4287 Postgatei.
