2850 4666
148 479 184 541 iu
207 479 336 542 laeuum
359 478 499 542 cecidere
522 478 609 542 latur
630 478 787 559 uetocquc
809 477 987 544 Metaurus

154 578 440 659 Crustumiumque
461 598 572 659 rapae
593 584 624 643 ct
644 579 755 643 iuuucto
780 577 885 661 Sapie
907 579 1029 644 Ieuuro

148 678 296 760 Senaque
320 685 349 747 et
370 679 541 745 Adriacas
563 680 620 760 qui
640 679 789 745 uerterat
810 680 955 760 Aufidus
976 680 1097 760 uudae,

148 799 273 863 queque
295 780 404 862 mucis
425 779 553 845 uultum
576 781 675 845 teitus
697 800 732 845 sc
753 781 856 847 soluit
879 783 916 844 iu
939 801 1076 859 uruueu,

148 879 320 945 Eriduuus
341 881 468 961 fructus
490 881 639 946 deuoluit
660 881 697 944 iu
720 902 864 962 aequora
886 880 994 946 siluae

148 981 410 1062 Hesperiamque
433 982 585 1046 eutuurit
607 983 712 1063 aquia.

147 1131 291 1218 Bentley
325 1138 359 1198 et
391 1132 516 1200 Weber
541 1133 644 1199 uerba
669 1132 832 1201 facientes
855 1133 895 1199 de
917 1134 1037 1220 copula
1059 1138 1135 1198 ante
1157 1106 1270 1210 uerba,

61 1253 149 1320 quae
171 1239 251 1297 sunt
271 1233 399 1313 fructus
422 1234 578 1311 deuoluit,
601 1239 691 1299 reete
714 1236 838 1300 omissa
860 1239 893 1298 et
911 1233 1088 1299 Francken
1104 1233 1271 1299 coniciens

61 1333 117 1411 E,
140 1333 270 1413 fructur
291 1335 346 1416 qui
362 1334 470 1398 uoluit
492 1333 652 1399 arbitrari
674 1333 834 1399 uidentur
856 1335 886 1399 ei
908 1355 1040 1421 quoque
1055 1335 1166 1414 uerbo,
1182 1335 1271 1423 quod

62 1439 115 1498 est
140 1432 322 1512 Eriduuur,
349 1434 489 1499 cecidere
516 1435 656 1500 uerbum
683 1435 850 1522 pradicati
872 1437 982 1500 instar
1008 1433 1088 1500 addi
1109 1439 1271 1520 oportere.

62 1531 162 1614 Quod
184 1533 245 1599 uix
267 1536 317 1600 ita
338 1555 409 1600 ease
432 1536 537 1600 crede.
582 1534 674 1619 Quid
688 1534 815 1620 igitur?
843 1534 1015 1602 Eridanus
1031 1536 1139 1601 amnia
1154 1540 1271 1622 poetae

61 1635 169 1700 mirus
196 1635 375 1701 admodum
401 1635 545 1714 uidetur,
573 1657 677 1723 quare
703 1658 778 1701 cum
801 1635 929 1714 oeterie,
954 1657 1038 1723 quae
1060 1634 1116 1701 hio
1138 1656 1271 1701 enume-

61 1741 192 1815 rantur,
215 1734 411 1801 fluminibus
434 1758 499 1801 non
522 1737 636 1802 eodem
659 1737 850 1802 habendum
873 1758 948 1801 eum
970 1756 1040 1801 esee
1063 1735 1177 1801 ordine
1196 1757 1268 1802 con·

62 1842 260 1902 eentaneum
286 1842 350 1917 eet3
377 1837 472 1902 cuiue
499 1836 549 1902 rei
572 1836 669 1923 signa
691 1842 771 1902 sunt
792 1837 897 1902 uerba
919 1859 998 1902 sane
1020 1838 1106 1902 mira
1127 1837 1272 1920 (fructus

60 1935 210 2000 deuotuit
242 1937 349 2001 situas
383 1942 416 2002 et
447 1936 644 2018 Hesperium
678 1936 831 2001 eutuurit
858 1938 970 2021 aquis)
996 1935 1170 2001 Eridauus
1197 1937 1271 2003 uoci

62 2038 188 2103 addita.
234 2036 394 2125 Sequitur
414 2040 536 2123 longus
558 2059 719 2103 uersuum
741 2040 829 2115 ordo,
853 2038 976 2126 quibus
998 2039 1085 2103 mira
1100 2058 1180 2104 eane
1195 2061 1270 2103 nar-

61 2143 182 2204 rantur
204 2138 448 2224 magnitudinis
471 2139 722 2224 exaggerandae
745 2161 856 2204 caiisa.

60 2388 182 2454 11435

147 2489 273 2574 touyior
293 2490 410 2570 Italia,
433 2492 534 2557 douee
556 2492 703 2572 cousiuiu
719 2495 846 2571 poutur

145 2591 286 2657 solueret
307 2592 494 2693 iucuuibcue
517 2597 684 2673 terrasque
706 2591 873 2672 repelleret
896 2611 1027 2672 aequor.

145 2740 323 2808 Francken
350 2744 490 2808 coniecit
511 2766 544 2808 u.
567 2746 629 2808 436
651 2742 821 2807 reuetlcrct
843 2743 896 2807 his
918 2742 1053 2829 quidem
1074 2740 1189 2807 uerbis
1212 2743 1268 2808 ad-

60 2841 160 2908 ditis:
183 2842 451 2931 ›Repellimus
474 2845 658 2910 minantem
680 2849 740 2910 aut
759 2844 983 2920 mandentem,
999 2844 1088 2930 quod
1102 2842 1134 2906 h.
1150 2843 1172 2906 l.
1189 2843 1268 2908 alie-

61 2965 168 3008 num.»
201 2942 251 3008 At
264 2946 411 3030 primum
427 2945 626 3010 monendum
642 2949 692 3010 eet
707 2939 807 3010 sensu
822 2944 891 3023 illo,
908 2966 974 3031 quo
989 2944 1066 3009 uult
1080 2943 1267 3023 Francken,

59 3045 121 3108 uix
153 3047 312 3131 usurpari
343 3044 499 3110 reuellere
531 3044 685 3123 uerbum;
719 3045 945 3110 desideramus
979 3044 1143 3109 diuellere.
1190 3044 1268 3110 Per-

59 3144 229 3211 oommode
250 3167 330 3210 uero
352 3147 522 3229 repelleret
540 3178 574 3202 =
592 3145 721 3211 >cedere
744 3151 899 3231 cogeret.
936 3144 1002 3211 Sed
1024 3145 1078 3211 hio
1092 3147 1184 3210 locus
1200 3147 1268 3211 iam

59 3267 120 3333 per
154 3267 188 3310 se
220 3267 286 3310 non
317 3248 533 3334 temptandus
560 3247 756 3313 coniecturis
780 3269 814 3312 se
835 3251 951 3312 tuetur
973 3244 1152 3311 manifesto
1173 3247 1267 3312 teeti-

60 3346 172 3412 monio
205 3344 366 3412 Ouidiani
397 3347 472 3422 loci,
506 3349 548 3413 ad
581 3349 676 3414 ouius
709 3349 852 3434 speciem
877 3349 960 3434 quin
982 3347 1200 3412 adumbratus
1223 3348 1269 3412 eit

59 3446 120 3510 uix
143 3447 283 3512 dubium
306 3453 365 3525 est,
389 3450 463 3514 dieo

58 3561 159 3630 Ouid.
182 3563 317 3631 Metam.
339 3564 406 3634 XV
428 3569 487 3631 291

144 3666 270 3730 dicitur
290 3668 406 3742 ltaliae,
432 3671 528 3732 donec
549 3669 684 3731 confinia
701 3674 815 3748 pontus

146 3767 283 3832 abstulit
304 3772 334 3832 ct
355 3768 465 3832 media
488 3770 625 3831 tellurem
645 3768 779 3848 reppulit
796 3767 899 3832 uude.

144 3901 186 3965 In
208 3908 366 3988 promptu
388 3907 439 3967 eet
461 3902 621 3968 arbitrari
643 3901 674 3965 h.
697 3902 720 3965 l.
744 3899 908 3966 antithesi
930 3900 1013 3965 satis
1032 3897 1198 3963 rhetorica
1217 3899 1265 3961 in-

60 4002 150 4066 uerti
170 4003 412 4089 quodammodo
428 4008 640 4083 structuram,
657 4023 742 4088 quae
758 4006 809 4066 eet
828 4006 968 4079 iterra,
987 3998 1110 4064 tellus
1129 3997 1266 4075 undae,

61 4124 206 4190 aequor
232 4103 423 4190 repellit».

144 4229 174 4274 N.
198 4228 376 4295 Luudqrict,
397 4233 485 4281 Studia
503 4230 623 4276 Lucuueu.
1168 4216 1200 4270 1⁰
1233 4258 1356 4410 r
