2836 4672
1168 220 1230 286 ele

54 387 216 473 grauiter
237 382 416 471 exponitur
437 381 600 470 placitum
622 383 709 449 illud
730 382 921 463 stoicorum,
940 384 1029 471 quod
1043 384 1144 452 offert
1157 385 1273 453 Cicero

55 487 110 554 De
142 485 202 553 fin.
236 483 295 551 III
320 488 376 550 45:
412 482 533 548 Stoicis
565 504 633 548 ooo
658 485 791 549 uidetur
816 485 993 565 optabilior
1013 505 1072 552 nec
1091 487 1201 569 mcyio
1221 507 1272 552 ex·

51 587 199 669 mendo
219 587 313 651 beata
334 586 414 664 otta,
437 586 469 650 si
491 585 537 649 et
560 585 669 666 ἰοπρα,
691 606 790 666 quam
811 587 842 649 si
863 586 982 652 breceio.

57 836 114 907 IX
136 840 198 906 605

124 933 255 1021 'place
277 957 342 1019 quo
364 937 490 1002 nollem
511 939 625 1018 superi
647 937 840 1002 mortalibus
862 938 951 1003 oltra

145 1059 167 1104 o
185 1038 293 1104 medic
315 1038 417 1120 fecere
439 1038 502 1118 die,
526 1038 671 1104 calcatur

145 1189 286 1258 Codices
308 1188 430 1256 vem
452 1211 512 1276 pro
535 1209 608 1270 quo·
622 1189 783 1256 exhibent
804 1209 918 1270 quom
938 1190 970 1255 U
992 1213 1054 1279 pro
1074 1191 1164 1255 ultro
1178 1212 1275 1278 pree·

59 1293 119 1358 bet
150 1291 309 1356 meam.
356 1288 534 1357 Francken
566 1291 744 1356 lectionem
777 1291 900 1357 codicis
926 1290 1115 1378 Urecepit.
1158 1292 1275 1359 Lectio

58 1392 216 1477 uulgato,
242 1412 344 1478 quem
364 1397 563 1477 receperunt
584 1390 879 1470 wenc-Homine,
901 1392 983 1458 heec
1004 1398 1069 1459 eet:
1097 1412 1195 1473 quom

58 1493 164 1557 ultra.
205 1489 364 1557 Lucanus
386 1491 561 1558 ostendere
583 1492 695 1558 uoluit
716 1493 847 1558 nullam
868 1497 994 1559 terrem
1009 1493 1072 1560 hec
1086 1492 1276 1580 propiorem

58 1593 170 1660 fuisse
189 1590 259 1659 ccli
284 1591 509 1671 meridionali,
536 1594 634 1659 cuiue
660 1592 752 1659 redii
779 1615 799 1659 e
821 1593 948 1660 uertice
969 1595 1006 1659 in
1028 1591 1202 1660 hominum
1224 1615 1276 1660 ce·

59 1695 139 1782 pita
171 1692 367 1760 inciderent.
422 1693 474 1760 De
506 1694 575 1760 sole
602 1693 818 1761 meridionali
845 1699 878 1761 et
900 1701 979 1760 noto
1000 1701 1108 1780 terge,
1131 1717 1197 1760 non
1219 1694 1276 1759 ed·

59 1815 200 1859 nereum
231 1815 268 1858 os
301 1793 504 1860 ferientibus
536 1794 653 1880 paullo
685 1800 762 1880 post
795 1794 853 1880 egi
885 1795 1042 1861 monendi
1066 1801 1147 1861 eunt
1167 1796 1277 1880 legen-

59 1901 128 1976 tes3
152 1893 205 1960 cfr

59 1994 116 2062 IX
138 1996 201 2062 876

147 2097 236 2160 imos
257 2097 295 2161 io
316 2096 470 2160 aduersos
493 2115 578 2175 coes,
602 2096 789 2161 eoolotmor
810 2097 893 2176 orbe,
1011 2121 1013 2127 ·

149 2201 240 2279 terea
263 2196 378 2260 domus
399 2197 549 2278 feriendo
571 2203 646 2262 octo

147 2296 281 2376 Restat,
313 2302 354 2362 ut
386 2316 450 2378 qua
476 2299 617 2363 uerbum
640 2297 724 2385 quid
746 2298 812 2363 sibi
834 2297 928 2378 uelit,
952 2299 1125 2387 explicem.
1170 2296 1276 2365 Credo

60 2398 218 2489 equidem
252 2418 323 2464 esse
356 2398 546 2465 ebletiuum
579 2399 851 2487 comparationis.
898 2398 1009 2479 Mitto,
1042 2399 1130 2486 quod
1157 2398 1278 2464 suffixo

60 2497 294 2586 comparetiuo
316 2504 457 2565 ter-o-
479 2500 632 2584 (·ter·e)
648 2498 768 2566 ‘addito
783 2500 845 2566 hoc
859 2501 999 2566 uerbum
1014 2499 1147 2586 ult(e)ra
1162 2498 1278 2564 fictum

61 2604 211 2681 conetct;
225 2597 292 2665 'sed
314 2599 350 2666 in
372 2590 559 2665 hoc'uerbo
581 2601 654 2665 uim
676 2606 710 2666 et
731 2622 866 2666 sensum
887 2623 967 2666 uere
983 2598 1213 2688 comperetiue
1227 2598 1278 2664 in·

61 2722 136 2768 esse
169 2704 320 2788 apparet.
375 2698 451 2782 Quo
483 2699 611 2766 fectum
645 2706 704 2780 est,
738 2706 778 2766 ut
808 2700 967 2768 Lucanus
991 2701 1065 2788 ipse
1091 2705 1168 2788 post
1188 2699 1277 2766 ultra

62 2801 168 2868 semel
190 2805 328 2888 poneret·
349 2820 455 2882 qoem,

28 2896 31 2900 ’
61 2899 117 2968 IV
139 2903 204 2967 476

150 3001 254 3067 litera
275 3021 342 3066 ooo
363 3002 452 3068 ultra
467 3022 578 3084 porco
600 3023 697 3086 qoam
719 3009 810 3069 noete
832 3005 988 3068 iuuentus

150 3100 250 3184 Quod
265 3102 308 3168 ed
322 3122 456 3170 sensum
470 3125 546 3170 cum
557 3104 628 3170 loco
641 3125 688 3185 eo,
700 3126 797 3191 quem
808 3109 1001 3182 trectemuS‚
1014 3103 1157 3170 conferri
1167 3109 1278 3192 potest

62 3203 118 3270 IX
141 3205 203 3292 867

136 3308 140 3332 ²
166 3319 168 3324 ·
471 3304 475 3311 ’
604 3305 662 3370 sed
685 3306 817 3388 lecytus
839 3307 903 3370 istc

152 3405 245 3470 netto
267 3407 351 3469 iacet
373 3405 472 3470 tellus

62 3657 119 3724 IX
144 3661 204 3723 747

152 3778 218 3823 noo
241 3758 337 3823 decus
359 3759 501 3840 imperii,
523 3779 590 3824 ooo
612 3759 727 3824 maesti
748 3759 824 3822 iura
849 3758 983 3825 Gotones

152 3858 317 3924 ardentem
340 3864 470 3925 tenuere
491 3860 612 3938 uirum,
636 3879 675 3924 oe
697 3877 849 3941 sporoere
870 3861 968 3941 storto

153 3960 287 4025 auderet

151 4109 330 4178 Francken
352 4111 394 4177 de
415 4109 513 4198 signo
535 4108 723 4197 frangendo
744 4111 850 4178 uerba
864 4109 963 4178 ,fecit
1000 4108 1164 4177 Attamen
1179 4108 1280 4178 effert

64 4211 161 4280 VIII
181 4213 245 4279 100
263 4231 381 4294 opooqe
402 4213 488 4276 mari
509 4212 667 4290 comitem,
692 4212 753 4278 ubi
775 4211 951 4283 diuidendi
972 4211 1009 4279 in
1030 4212 1145 4280 uenies
1166 4215 1279 4299 portes
