2850 4666
143 141 202 204 166

100 404 152 472 VI
183 305 388 372 Adneotitur
409 307 576 393 generatis
598 308 766 373 sententia
788 307 901 374 breuis
923 307 1118 395 explicandi
1140 328 1233 373 causa

154 406 172 471 I
195 409 256 473 726

183 528 270 571 uuue
292 507 353 572 tibi
374 529 454 572 uera
475 509 558 588 fides
579 510 729 590 quaesiti,
752 509 887 592 Meque,
909 508 1041 591 fauoris

184 609 323 689 coutipit
345 628 382 674 aa
403 608 546 688 fructus:
566 609 648 689 felia
669 631 703 674 ee
725 610 828 675 uescit
850 611 967 674 amari.

100 708 133 774 V
155 711 215 774 259

435 812 553 892 quippe
575 813 648 892 ipsa
669 817 773 876 metue
794 811 976 876 excoluerat
997 812 1110 876 audau

185 911 279 974 turba
300 931 383 976 suos,
428 912 593 993 quidquid
614 912 729 976 multis
743 917 908 993 peccatur,
930 911 1076 976 iuuttum
1100 918 1157 976 est.

435 1112 544 1176 Rheui
566 1113 649 1179 miti
673 1115 797 1181 Caesar
817 1115 854 1177 iu
876 1114 977 1178 auctis

186 1213 253 1276 due
275 1218 352 1292 erat,
375 1211 428 1277 uu
449 1216 567 1279 socius,
611 1215 742 1294 saeiuus
764 1235 845 1296 quoe
866 1215 1024 1295 inquinat
1047 1219 1174 1296 aequat.

186 1312 413 1379 Conferendus
435 1337 506 1380 esse
527 1312 664 1381 uidetur
685 1317 777 1382 locus
800 1336 888 1380 unus

101 1413 178 1479 var.
200 1413 311 1479 Flaco.
334 1412 462 1500 Argon.
485 1415 538 1481 VI
559 1418 600 1482 23

344 1515 531 1581 abstiueaut
552 1516 681 1581 atieuae
702 1519 866 1599 cauquiue
882 1537 1030 1598 pupuae.

344 1718 467 1798 ipuotie
489 1719 570 1798 quid
593 1739 674 1799 opus
695 1738 885 1783 concurrere
906 1737 965 1782 uec
987 1738 1069 1799 quos

187 1815 317 1879 oderis?

187 1914 284 1996 Quod
306 1917 349 1982 ad
370 1941 439 1984 rem
462 1940 537 1984 oum
558 1920 629 1985 loco
651 1921 720 1999 isso,
737 1942 836 2007 quem
851 1924 1050 1998 tractamus,
1067 1918 1213 1984 conferre
1225 1917 1281 1981 licet

103 2015 176 2084 VH
197 2020 259 2082 312
461 2020 587 2100 uiaret,
611 2021 803 2102 quicumque
824 2041 951 2085 uacasse

186 2139 253 2182 uou
269 2123 371 2199 putat
392 2121 429 2183 iu
451 2121 557 2185 uictos
577 2141 711 2186 saeuum
734 2123 935 2203 destriuqere
956 2119 1084 2200 ferrum

187 2220 306 2300 quique
327 2240 403 2285 suos
425 2222 522 2300 aium,
545 2221 631 2303 quod
652 2223 752 2304 siqua
774 2223 915 2287 aduersa
937 2220 1095 2300 tuteruut

187 2342 253 2384 uou
276 2323 380 2386 eredit
400 2323 513 2402 secisse
535 2323 639 2402 uetus.

178 2577 197 2637 3

103 2573 156 2639 IV
188 2577 332 2754 ttietitur
354 2681 449 2757 atque
470 2696 550 2741 usur
573 2676 651 2742 auu
667 2695 871 2757 poenamque
892 2675 1043 2739 remittit.

188 2826 239 2892 De
272 2828 549 2913 interpretatione
582 2828 758 2912 ambigunt
784 2827 852 2891 uiri
879 2826 978 2891 docti.
1021 2822 1298 2911 Atque-Haemo

106 2926 250 3013 quidem,
278 2928 334 2992 oui
360 2929 546 2993 consentire
571 2927 708 2993 uidetur
733 2927 899 2993 Heitland
920 2965 961 2974 -
984 2926 1034 2991 oir
1055 2922 1299 2990 introductionis

105 3033 124 3112 ξ
146 3031 186 3091 47
210 3027 246 3112 d)
267 3066 309 3075 -
330 3027 483 3113 figuram,
505 3051 590 3117 quae
611 3028 799 3115 hendiadys
821 3033 971 3105 uocatur,
987 3025 1164 3091 constituit
1179 3027 1228 3091 sic
1241 3043 1300 3088 ucr-

104 3134 180 3194 tens
214 3128 284 3193 >the
316 3129 456 3216 penalty
489 3131 526 3195 of
555 3129 687 3195 further
712 3130 866 3215 military
889 3128 1038 3192 serviae».
1082 3124 1181 3207 Quae
1203 3123 1302 3212 opinio

105 3232 188 3318 quin
220 3252 301 3296 uera
334 3232 388 3308 sit,
422 3231 555 3296 obstant
581 3237 614 3297 et
639 3231 770 3296 Lucani
792 3229 952 3320 ¹sermonis
974 3249 1067 3306 usus,
1090 3248 1199 3312 quum
1220 3226 1304 3291 issam

105 3331 249 3417 figuram
272 3330 368 3395 modo
390 3353 456 3396 non
478 3331 579 3418 plane
601 3333 727 3396 uitasse
749 3329 941 3407 uideatum*
964 3333 998 3393 et
1019 3326 1109 3415 quod
1129 3327 1201 3392 alia
1215 3327 1304 3391 inter·

105 3433 253 3518 pretatio
280 3433 341 3496 illa
367 3433 473 3497 multo
500 3433 617 3497 melior
643 3432 790 3496 inueniri
817 3435 933 3515 potest.
979 3426 1074 3510 Quae
1096 3428 1189 3492 enim
1211 3446 1306 3514 poena

105 3533 149 3597 iis
170 3533 310 3598 remissa
332 3534 388 3610 sit,
412 3555 452 3599 ex
474 3533 629 3598 uersibus
652 3530 925 3597 antecedentibus
948 3528 1071 3608 elnoct3
1099 3549 1158 3592 un.
1182 3530 1245 3595 346
1266 3547 1307 3612 sq.

190 3638 224 3697 at
246 3653 333 3697 uuua
355 3653 452 3698 cauea
477 3634 558 3697 uuiti
580 3638 627 3697 est
649 3631 790 3697 oraudae
811 3633 881 3695 sota
902 3630 1025 3694 salutis

102 3730 105 3737 ’
191 3735 328 3815 dipuum
352 3736 515 3811 douauda,
543 3733 671 3812 Caesar,
696 3739 726 3797 te
748 3732 874 3797 credere
896 3733 976 3795 uita.
1123 3802 1127 3809 ,

106 3834 267 3900 Memoria
293 3834 453 3900 tenebant
480 3857 606 3921 nempe,
635 3833 796 3920 quomodo
823 3833 950 3918 priores
973 3831 1138 3896 bellorum
1160 3830 1307 3895 ciuilium

106 3940 258 4000 auctores
295 3934 394 4000 fidem
431 3937 562 4000 aemulo
598 3935 797 4021 praestitam
833 3933 900 3997 ulti
933 3936 1051 3997 essent.
1104 3928 1221 3996 Poeua
1250 3949 1308 3994 uox

106 4035 277 4100 interdum
300 4036 434 4102 caedem
455 4036 724 4102 aduersariorum
748 4033 926 4119 significat,
949 4032 1044 4097 uelut

190 4161 203 4190 ¹⁸
222 4156 273 4208 Sed
290 4159 329 4208 cfr
346 4157 374 4206 ΙΙ
391 4153 442 4208 539
459 4154 635 4224 supplicium
652 4169 827 4223 poenamque
843 4154 960 4221 repetat.
