2836 4672
147 197 209 263 194

187 360 268 427 UG
294 362 422 427 codices
448 381 520 426 cum
545 361 715 447 praebent,
742 382 844 449 quem
864 362 1042 428 lectionem
1064 363 1298 449 amplectuntur

104 460 386 532 Weiss-Haslrins
419 467 453 528 et
484 460 674 542 Francken3
708 484 783 527 oum
805 463 906 527 multi
926 467 1001 528 tum
1022 462 1149 529 Hosius
1171 462 1297 528 Heinsio

104 563 283 649 astipulati
314 561 475 648 praebent
507 581 579 644 quo.
633 561 701 628 Sed
725 563 885 628 nimirum
910 563 977 628 loci
1001 563 1039 627 hi
1061 564 1148 630 alter
1169 563 1296 629 alterum

104 668 252 729 tuentur.

103 911 176 982 VH
198 914 259 979 768

188 1015 386 1097 7797777337
402 1018 517 1095 putem
538 1030 667 1093 compos
688 1017 869 1095 terramque
890 1018 1055 1078 nocentem

187 1117 366 1196 inspirasse
389 1117 526 1192 culmos,
548 1114 766 1195 infectumque
787 1134 864 1179 cero
886 1120 987 1179 totum

187 1217 339 1281 monibus
361 1220 392 1279 ct
412 1233 562 1296 superam
584 1212 700 1297 817977
721 1214 898 1296 formidine
920 1221 1054 1282 uectem.

188 1366 365 1432 Francken
389 1366 584 1432 Burmanno
607 1371 641 1431 et
662 1365 817 1431 Bentleio
839 1367 1044 1452 astipulatus
1065 1385 1127 1454 pro
1149 1371 1290 1432 nocentem

104 1468 242 1554 praebet
263 1470 427 1543 caecatam
448 1466 539 1530 solus
560 1487 640 1531 uero
662 1471 739 1553 post
753 1471 934 1547 terramque
948 1468 1225 1553 interpunctionis
1238 1468 1290 1532 uir·

105 1568 186 1652 gula
206 1568 318 1653 posita
338 1568 537 1648 iuycmuissc
558 1567 698 1632 uerbum
721 1566 878 1632 affectum
900 1567 1096 1651 significans
1118 1590 1188 1635 esse
1205 1573 1290 1634 osten·

105 1668 165 1746 dit,
193 1689 258 1754 quo
284 1671 423 1751 regatur
447 1667 648 1744 infinitiuua
675 1667 734 1753 qui
756 1672 807 1733 eet
827 1668 1017 1748 inspirasse.
1060 1667 1217 1733 Nocentes
1235 1667 1289 1731 oui·

104 1788 175 1832 mac
200 1767 472 1833 iter-animas
494 1767 808 1832 fratricidarum.
850 1766 1027 1834 Francken
1050 1770 1288 1835 arbitraturus
1332 1854 1334 1861 Ι

105 1870 228 1934 minem
261 1868 428 1954 explicare
460 1889 565 1954 posse,
600 1890 660 1933 cur
692 1872 778 1932 terra
803 1869 840 1931 in
865 1868 1009 1952 uulgata
1030 1888 1149 1934 coccus
1171 1871 1288 1936 dicatur
1332 1934 1334 1947 ,

105 1967 171 2037 Sed
192 1968 385 2035 Franckeni
405 1973 539 2054 recepte
560 1969 837 2054 interpretatione
856 1967 1020 2054 abruptus
1035 1991 1116 2036 eane
1130 1971 1187 2036 uel
1200 1969 1288 2057 potius
1331 1970 1334 2069 j

103 2092 240 2157 prorsus
267 2069 381 2134 nullus
406 2067 468 2134 fiat
488 2069 654 2134 transitus
671 2090 697 2135 ,a
719 2069 845 2154 campis
867 2065 1057 2135 dolentibus
1080 2071 1124 2136 ad
1146 2093 1220 2138 aera
1238 2090 1287 2134 nc·
1332 2078 1334 2147 j

104 2170 204 2237 nibus
236 2167 407 2235 infectum.
462 2168 555 2234 Haeo
587 2190 666 2233 uero
699 2169 730 2233 si
755 2169 831 2254 quis
856 2173 945 2234 recte
966 2170 1137 2255 explicata
1157 2169 1288 2244 uoluerit,
1331 2226 1334 2241 ,

104 2271 147 2337 ad
168 2269 241 2338 VII
265 2272 324 2335 175
347 2291 419 2359 sqq.
442 2269 473 2334 ei
495 2269 681 2335 deducendi
702 2274 782 2334 sunt
802 2269 961 2352 legentes
983 2271 1044 2335 ubi
1059 2277 1151 2338 ante
1164 2289 1289 2359 pugnem
1331 2276 1334 2311 ¹

103 2371 334 2437 Pharsalicam
361 2369 573 2436 Caesarianis
599 2369 833 2455 conspiciende
859 2390 894 2433 se
914 2370 1110 2454 praebuisse
1131 2373 1289 2438 traduntur

105 2472 232 2537 similia
253 2472 297 2536 iis
319 2471 428 2550 rebus,
451 2491 536 2556 quae
558 2469 706 2536 confecto
724 2469 851 2555 proelio
866 2490 901 2534 se
915 2470 1099 2555 praebuere
1113 2471 1289 2544 uictoribus

103 2571 177 2639 VII
200 2574 260 2638 175
283 2593 355 2658 sqq.

189 2673 281 2737 cdere
304 2675 479 2735 nocturnos
501 2670 579 2735 belli
600 2669 777 2734 Pharsalia
799 2690 892 2734 uoces

190 2873 420 2954 defunctosque
435 2876 550 2953 potres
572 2876 602 2936 ct
624 2876 756 2936 cunctas
777 2873 954 2954 37797777
975 2873 1109 2939 umbros

189 2978 264 3037 oute
286 2974 395 3037 oculos
415 2973 556 3037 uolitare
577 2992 662 3037 suos,

189 3072 271 3138 Post
292 3075 456 3160 proelium
478 3073 589 3159 campi
610 3073 708 3159 quasi
727 3073 941 3139 morientium
960 3075 1091 3159 gemitu
1105 3090 1288 3141 murmurat·

105 3178 156 3238 tes
183 3177 219 3238 et
245 3178 429 3260 strepentes
455 3178 702 3260 peremptorum
729 3174 857 3239 animas
883 3174 1070 3241 uictoribus
1092 3171 1288 3241 immiserunt

106 3272 195 3339 Sunt
220 3294 299 3338 uero
326 3275 511 3338 sententiae
538 3279 571 3338 et
596 3273 795 3353 Franckeni,
823 3296 924 3362 quam
945 3297 1048 3361 supra
1070 3276 1248 3349 attulimus,
1265 3269 1289 3332 el

106 3394 229 3452 eorum,
253 3374 312 3459 qui
334 3374 374 3439 de
397 3375 521 3459 spiritu
543 3379 577 3440 et
598 3374 696 3439 odore
718 3374 887 3461 pestiferis
907 3378 1030 3440 eterra
1044 3377 1238 3441 exeuntibus
1249 3367 1289 3436 hit

106 3473 163 3557 agi
189 3478 322 3559 putant,
348 3474 588 3558 ignorantium,
612 3471 694 3562 quid
716 3478 835 3538 terram
857 3479 1021 3539 77777777
1043 3476 1230 3560 significare
1247 3487 1288 3534 ut

105 3573 208 3638 luerit
234 3579 340 3659 poeta.
384 3573 516 3637 Nocens
541 3575 681 3640 uerbum
706 3573 843 3640 Lucano
865 3575 901 3640 in
924 3574 1053 3640 deliciis
1076 3597 1149 3644 ease
1169 3575 1287 3642 uidetur·

188 3675 319 3738 Nocens
346 3675 379 3757 a)
406 3674 446 3738 de
472 3675 622 3759 personis
650 3674 777 3739 dictum
803 3674 974 3760 significat
994 3696 1094 3755 eum,
1118 3678 1186 3764 qui
1205 3674 1288 3741 ciues

104 3774 336 3839 trucidauit.

188 3873 225 3959 b)
256 3874 380 3955 ferrum
412 3893 530 3938 coccus
561 3875 591 3939 is
617 3874 753 3961 gladius
780 3880 840 3956 est,
866 3876 926 3964 qui
950 3875 987 3940 in
1009 3877 1100 3942 ciues
1121 3860 1288 3942 trucidandi

106 3994 207 4038 causa
228 3975 419 4059 stringitur.

190 4076 221 4157 c)
254 4079 340 4137 terra
372 4091 490 4138 noceas
522 4096 561 4140 ea
593 4082 652 4156 ast,
686 4099 772 4164 quae
804 4077 926 4143 misera
959 4078 1086 4143 ciuium
1115 4075 1211 4144 caede
1233 4086 1287 4138 oon·

105 4173 221 4258 spicue
243 4178 302 4240 est.
