2836 4672
86 313 123 380 IX
138 318 169 380 27

144 436 195 480 aea
214 435 353 498 requam
376 416 511 496 cupiens
532 415 633 496 qeesa't
655 413 772 479 er'uu'tr'a
794 414 879 479 bella

142 537 193 581 uec
212 517 338 580 seruire
360 517 487 580 timeae.

141 666 313 734 Francken
339 704 380 716 -
407 664 552 732 codicem
578 665 611 730 R
637 670 770 731 secutus
793 703 833 716 -
855 667 993 752 praebet
1013 665 1141 746 seruile,
1165 665 1259 732 ouius

85 765 204 833 lectionis
225 765 430 833 mentionem
451 765 533 832 fecit
553 765 690 832 Hosiua
736 764 801 832 Sed
815 765 871 832 hio
886 789 952 831 non
967 767 1083 852 agitur
1098 767 1138 832 de
1152 767 1260 833 iusta

85 867 165 934 ciuilis
195 868 279 934 belli
312 890 422 948 cauea,
455 867 513 932 sed
546 868 804 953 exaggeratione
829 888 907 932 nere
933 867 1091 933 Lucanae
1112 867 1153 933 de
1174 867 1259 946 uiro,

85 966 122 1052 qui
142 991 203 1035 non
229 967 297 1034 sibi
324 990 366 1033 ne
393 968 590 1034 seruitutem
613 966 747 1053 quidem
769 965 891 1032 timens
913 967 1074 1046 consulat,
1098 967 1156 1033 sed
1178 966 1259 1033 ciui·

85 1069 126 1133 tati
142 1074 172 1136 et
191 1069 242 1136 rei
264 1068 419 1156 publicae
440 1068 526 1133 uelit
548 1067 751 1149 consultum3
774 1067 826 1133 cfr
847 1089 904 1132 uu.
926 1069 967 1132 28
989 1089 1038 1155 sq.

521 1183 572 1247 ua'l
595 1204 691 1248 eausa
712 1184 789 1266 feeit
810 1185 848 1249 u'u
869 1185 971 1249 arruu'e

139 1287 190 1351 r'lte
211 1306 282 1352 sua.

138 1506 264 1569 r'uueuu't
286 1505 431 1569 tueamur
452 1504 637 1568 uobueutem
652 1503 789 1584 pubb'ca
812 1522 889 1567 aura

136 1605 201 1686 tata
222 1607 336 1670 uirum
358 1624 513 1687 casusque
535 1604 627 1669 urbis
649 1605 836 1686 cunctisque
859 1606 1023 1669 timentem

136 1725 344 1787 securumque
366 1705 429 1769 sui.

137 1837 226 1906 Haeo
249 1840 354 1905 stoico
377 1860 456 1904 eane
479 1837 592 1922 digna.
636 1835 780 1905 Accedit
801 1876 842 1887 -
863 1839 900 1903 id
921 1839 1010 1926 quod
1031 1840 1171 1905 maximi
1185 1861 1260 1926 pro·

85 1943 139 2004 octo
152 1945 202 2005 est
216 1937 377 2005 momenti
392 1977 442 2019 -‚
458 1939 546 2026 quod
560 1940 625 2004 rite
641 1940 707 2005 sibi
721 1944 937 2026 opponantur
950 1942 1074 2004 seruire
1088 1942 1140 2026 (=
1156 1941 1260 2006 serui·

85 2042 171 2125 atem)
191 2042 311 2105 timeus
334 2045 367 2106 et
387 2060 525 2122 requura
548 2041 690 2121 eupieuo.
734 2039 765 2105 E
787 2039 941 2106 uersibus
964 2042 1004 2106 28
1025 2062 1073 2128 sq.
1097 2041 1258 2127 seqnitur,

86 2140 101 2201 t
116 2161 249 2226 prorsus
271 2141 460 2226 respuenda
481 2141 528 2206 sit
549 2139 688 2206 'Prilleri
703 2142 906 2207 coniectura:
921 2141 979 2205 sed
992 2143 1116 2207 seruire
1132 2143 1258 2207 timeae.

85 2416 210 2590 Xbbrabe
235 2524 376 2608 Oqtbera
392 2527 488 2606 petit,
513 2525 668 2606 boreaque
690 2529 849 2607 urqueute
872 2528 1002 2592 eara'uas

139 2626 232 2691 Creta
253 2626 360 2708 suqu't;
380 2625 520 2691 Dictaea
544 2625 624 2708 teqit
646 2626 832 2691 cedentibus
854 2627 955 2691 uudr's

135 2725 255 2794 littora.

115 2965 117 2969 ,
134 2892 321 2972 Francken,
344 2899 384 2961 ut
405 2916 503 2982 quem
524 2896 641 2982 pigeat
661 2894 800 2959 Dictaea
824 2895 904 2977 teqe‘t
926 2918 953 2961 e.
968 2918 1000 2983 q.
1019 2918 1044 2961 s.
1063 2917 1125 2983 per
1143 2917 1257 2982 epexe-

85 2992 146 3058 eoin
167 2994 284 3060 addita
306 3015 376 3060 esse
399 2995 584 3061 credere-
598 3000 672 3061 tum
694 2996 782 3060 enim
804 2995 932 3083 requiri
954 2997 1047 3084 pqpf.
1071 2997 1193 3078 beqerat
1206 3035 1257 3076 -‚

85 3087 178 3178 'ruyeti
209 3100 271 3161 aut
302 3093 424 3160 Hensii
456 3094 691 3175 coniecturam,
723 3096 821 3176 subit,
854 3097 983 3184 recipit.
1028 3097 1126 3178 Quod
1151 3098 1202 3163 ita
1223 3119 1258 3162 se

86 3191 195 3274 aberet,
218 3195 249 3260 si
270 3194 360 3277 fuqa't
382 3195 588 3280 significaret
614 3217 659 3262 ex
685 3198 825 3276 oeulis,
854 3219 871 3262 e
897 3203 1108 3284 conspectu
1134 3197 1257 3283 fugit3

85 3290 114 3355 ed
130 3295 222 3360 eredo
237 3295 299 3361 hoc
313 3296 454 3361 uerbum
469 3297 519 3361 ita
534 3297 764 3382 accipiendum
779 3319 858 3377 esse,
874 3303 914 3363 ut
929 3298 1075 3385 explicat
1089 3298 1257 3365 Haskins:

85 3387 176 3460 'Crete
198 3393 273 3460 flies
295 3395 383 3460 from
404 3395 516 3476 them',
539 3394 562 3462 i.
579 3418 606 3462 e.
629 3419 733 3463 seems
754 3403 789 3464 to
813 3398 853 3463 do
877 3420 922 3478 so,
943 3421 980 3464 as
994 3399 1077 3486 they
1091 3399 1141 3487 fly
1156 3400 1258 3484 along

85 3493 255 3560 astares.»
299 3493 364 3560 Sed
385 3496 477 3562 locus
499 3497 567 3576 ille,
590 3519 656 3584 qno
677 3497 775 3577 hunc,
793 3499 913 3588 dequo
930 3499 1257 3586 disputatur,muni·

85 3609 126 3656 1111
143 3595 229 3674 uult,
251 3594 317 3662 huc
338 3597 399 3662 aix
420 3596 580 3683 pertinet:

85 3700 151 3795 arg.
173 3711 258 3777 Aen.
281 3712 339 3779 III
361 3718 401 3779 72

129 3812 343 3891 proueba'ruur
358 3820 468 3895 portu,
493 3820 659 3896 terraeque
681 3817 837 3898 urbesque
859 3819 1022 3883 receduut.

134 3943 259 4012 Eodem
282 3947 322 4013 de
344 3969 464 4033 genere
487 3971 557 4015 esse
578 3951 715 4017 uidetur
736 3974 800 4040 quo
822 3952 1042 4038 Vergilianus
1064 3953 1123 4019 ffle

85 4036 149 4110 buid.
170 4046 304 4113 Metam.
329 4045 379 4114 VI
401 4052 461 4115 512

139 4147 362 4230 admotumque
383 4149 504 4230 fretum
526 4154 626 4217 remis
647 4152 809 4236 tellusque
831 4156 962 4236 repulsa
985 4159 1031 4220 est
