2836 4672
149 181 189 246 78

108 346 270 414 afferendi
302 348 462 414 uidentur
494 369 564 414 5555
596 347 662 415 loci
693 347 756 426 ilii,
784 347 843 434 qui
869 347 967 413 coni.
992 368 1061 434 pro
1082 348 1235 427 futuro,
1257 348 1310 434 qai

107 453 256 528 uocatur,
289 448 484 529 ostendunu
517 470 567 515 ex.
600 470 650 534 gr.
683 447 736 513 VI
768 449 830 514 806
863 468 910 534 sq.
937 448 1057 526 ueniet,
1080 465 1164 528 quae
1185 436 1311 512 misceat

108 549 214 612 omnis
232 551 238 632 Ι
256 547 336 613 lara
369 550 481 626 eluces·
512 548 585 615 VH
617 551 679 616 395
705 568 756 634 sq.
778 552 948 633 (poterunt
968 551 1199 613 monstrare..
1217 551 1241 634 .)
1259 568 1311 612 rus

107 667 258 728 uacuum,
285 651 373 730 quael
399 671 466 715 non
492 649 613 714 habitet
628 699 635 714 .
652 696 684 713 ..
706 654 851 727 senatum
872 646 964 714 VIII
985 649 1046 714 869
1069 670 1119 736 sq.
1142 650 1252 713 ueniet
1270 650 1310 732 te·

108 749 203 814 lieiar
224 754 322 829 aetas,
342 754 347 834 Ι
366 771 431 832 qua
452 753 497 816 sit
518 751 611 815 nulla
632 749 716 830 fides
736 768 854 813 sanum
875 749 1136 814 monstrantibus
1157 749 1254 815 illud.
1274 787 1312 798 -

109 849 185 915 Hae
216 852 383 937 pertinere
408 851 545 917 uidetur
565 850 605 916 V.
620 852 682 916 399
703 871 774 937 sqq.
798 849 893 915 nabis
914 851 1056 915 uictoria
1079 849 1208 914 turbam
1227 851 1233 935 Ι
1252 871 1312 914 nan

109 950 209 1029 dabit,
227 1001 233 1014 .
251 1001 282 1014 ..
306 971 460 1032 quae...
483 953 611 1035 auferat
633 957 735 1016 et...
758 948 1098 1016 camiletum...?—

192 1050 275 1116 Alie
310 1052 462 1138 exempla
497 1052 707 1118 eaniunetiui
743 1051 941 1137 qualilatiui
977 1055 1071 1115 sant:
1108 1049 1163 1118 VI
1195 1053 1237 1116 36
1267 1072 1312 1137 eq.

110 1153 298 1230 exstruitur,
332 1152 419 1233 quael
451 1173 519 1217 noa
551 1154 637 1217 aries
668 1151 833 1231 impellere
864 1170 991 1230 saeuus,
1010 1151 1015 1235 Ι
1035 1152 1123 1232 quael
1155 1171 1225 1215 non
1249 1151 1312 1215 nlla

109 1257 205 1332 queat
231 1253 369 1317 uiolenti
390 1251 542 1318 55555555
564 1253 655 1331 lelli;
677 1251 729 1318 VI
751 1253 814 1318 554
835 1272 885 1340 sq.
906 1253 937 1315 si
959 1253 1124 1334 sanquine
1145 1253 1227 1316 uiuo
1246 1252 1251 1336 Ι
1270 1255 1313 1315 est

109 1372 199 1431 opus,
233 1358 380 1433 erumpat
412 1354 526 1435 iuqulo
561 1356 618 1436 qui
644 1355 777 1433 mirum
808 1357 934 1432 aperta;
965 1351 1038 1419 VH
1070 1354 1133 1418 355
1161 1373 1211 1440 sq.
1238 1371 1313 1433 quae

108 1454 239 1518 uincere
265 1459 410 1534 possent,
431 1457 436 1540 Ι
455 1456 565 1520 omnia
598 1454 811 1533 contulimus,
842 1451 915 1519 VH
948 1455 1008 1518 792
1042 1473 1114 1539 sqq.
1149 1453 1313 1534 epulisque

103 1556 245 1632 paratur
263 1557 268 1640 Ι
287 1555 343 1619 ille
366 1555 464 1634 loeus,
480 1604 488 1619 .
505 1606 537 1621 ..
560 1575 600 1619 ece
614 1575 677 1636 qua
694 1604 701 1620 .
718 1604 726 1619 .
744 1605 751 1619 .
771 1558 775 1638 Ι
794 1557 958 1634 59555557.
986 1550 1079 1619 Cani.
1095 1574 1169 1619 5555
1183 1553 1315 1619 51551555

108 1652 199 1719 VIII
225 1657 264 1720 97
291 1676 340 1743 sq.
367 1677 455 1721 nune
476 1658 584 1736 accipe
600 1675 735 1736 poenas,
756 1656 760 1740 Ι
779 1654 837 1719 secl
859 1673 942 1734 quas
963 1659 1078 1734 sponte
1101 1654 1206 1733 luam;
1227 1652 1315 1720 VIII

111 1757 172 1819 114
194 1775 242 1842 sq.
264 1757 326 1838 foe,
349 1755 484 1838 Maqne,
508 1758 621 1836 laeum,
644 1776 738 1837 quem
760 1759 875 1820 cuneta
896 1756 1045 1820 renisant
1063 1757 1069 1840 Ι
1087 1755 1207 1835 seaula,
1223 1775 1314 1837 quem

109 1855 246 1919 ueniens
267 1855 381 1937 haspas
403 1859 574 1924 Romanus
595 1859 722 1935 aeleram
742 1855 835 1923 VIII
851 1859 913 1921 144
926 1877 997 1943 sqq.
1014 1856 1057 1919 ela
1071 1855 1200 1920 similes
1215 1855 1315 1920 Lesbo

104 1956 257 2035 populos,
280 1959 337 2036 qui
353 2009 360 2023 .
378 2009 385 2024 .
403 2009 410 2022 .
433 1979 500 2023 uon
516 2010 523 2023 .
541 2010 547 2023 .
565 2010 571 2023 .
592 1963 714 2036 ueteut;
728 1955 820 2024 VIII
836 1959 896 2023 657
912 1977 960 2043 eq.
979 1957 1135 2036 Pompeio
1145 1961 1316 2036 praestare

104 2060 222 2135 potest,
245 2058 333 2138 quod
357 2061 508 2125 Caesaris
529 2062 631 2124 aronis
650 2063 654 2144 Ι
673 2061 820 2138 imputet.

193 2157 235 2224 In
268 2159 414 2226 relatiua
446 2162 620 2239 sententia,
655 2181 740 2246 quae
765 2159 965 2247 qualitatem
990 2158 1168 2244 exprimet,
1192 2159 1224 2223 si
1245 2180 1317 2224 555

111 2258 277 2325 adieetiuo
299 2261 495 2348 (imprimis)
515 2265 740 2338 connectam,
764 2259 1015 2324 coniunctiuum
1035 2259 1164 2345 requiri
1180 2263 1317 2325 constet.

110 2358 186 2444 (cfr
205 2359 420 2427 Samuelsson
435 2384 491 2448 pp.
508 2364 548 2426 63
563 2364 637 2447 sq).
664 2359 831 2446 Exempla
841 2358 998 2424 1555555
1009 2363 1090 2423 sunt
1100 2359 1317 2444 paucissima:

110 2459 164 2527 VI
186 2462 246 2543 147
264 2482 393 2541 manus
414 2463 458 2527 ad
478 2482 569 2527 omne
584 2460 680 2541 nefas
696 2465 726 2524 et
741 2461 798 2541 qni
813 2461 951 2524 nesciret
966 2509 973 2524 .
990 2509 999 2523 .
1015 2507 1023 2522 .
1037 2456 1228 2525 Incertiora
1241 2464 1319 2524 sunt

110 2559 164 2627 VI
187 2564 247 2626 649
270 2583 318 2649 sq.
342 2567 500 2626 maestum
522 2562 639 2625 munli
661 2561 788 2640 confine
810 2561 942 2625 latentis
960 2561 965 2645 Ι
984 2578 1021 2623 55
1040 2560 1157 2635 uestri,
1173 2579 1239 2641 qua
1254 2580 1319 2624 nan

110 2665 256 2725 metuant
288 2662 458 2726 admittere
489 2681 615 2740 moues·
640 2660 733 2728 VIII
758 2663 821 2727 820
842 2682 913 2748 sqq.
937 2658 1161 2739 laudproeul
1183 2662 1318 2725 estimo

111 2760 247 2840 Pompei
268 2783 386 2828 nomen
408 2781 507 2827 areua
526 2764 530 2847 Ι
550 2762 739 2842 depressum
754 2762 889 2840 tumulo,
905 2759 992 2842 quad
1006 2780 1074 2824 555
1090 2761 1177 2841 leqat
1192 2761 1319 2826 aduena

110 2867 225 2941 reatae,
254 2864 258 2946 Ι
287 2863 373 2945 quod
405 2865 475 2928 nisi
507 2867 723 2927 monstratum
748 2863 918 2928 Romanus
942 2865 1086 2926 transeat
1106 2860 1235 2941 hospes.
1278 2860 1319 2926 In

111 2963 240 3028 duobus
262 2963 316 3029 his
339 2965 500 3051 exemplis
522 2964 562 3028 de
581 2965 664 3029 coni.
680 2964 858 3050 potentiali
873 2963 1020 3047 cogitare
1034 2982 1215 3047 passumus
1229 2963 1318 3028 uide

110 3063 198 3129 lieet.
244 3062 310 3156 Sed
331 3064 423 3130 haud
445 3065 513 3131 seia
535 3086 578 3131 en
600 3085 718 3130 uerum
740 3064 928 3150 exemplum
950 3063 996 3127 sit

109 3180 128 3245 I

129 3180 162 3247 V
184 3183 284 3346 8leleluel
306 3282 410 3346 alium
432 3288 523 3347 tanta
545 3285 649 3348 ciuem
673 3283 750 3347 tulit
771 3282 882 3346 indole
903 3281 1018 3360 Roma,

195 3388 253 3447 aut
274 3385 327 3448 eui
343 3384 424 3463 plus
447 3384 533 3465 leqes
556 3383 705 3447 deberent
725 3388 812 3448 reeta
834 3383 990 3464 sequenti.

195 3499 363 3589 Equidem
397 3500 644 3567 Samuelssonio
671 3503 837 3588 astipulor
861 3503 907 3588 (p.
931 3502 970 3565 65
993 3500 1034 3584 5.)
1055 3499 1145 3562 inter
1167 3501 1320 3566 caniano·

111 3605 203 3670 tiuos
224 3604 261 3667 in
275 3602 429 3667 relatiuis
444 3602 620 3667 sententiis
635 3603 769 3689 proprie
784 3603 911 3689 positos
926 3597 1082 3666 afferenti
1096 3598 1318 3666 1555515555.

111 3705 264 3770 Primum
279 3704 367 3768 enim
382 3703 572 3787 negandum
587 3703 724 3768 uidetur
737 3703 788 3768 ita
803 3725 823 3767 5
837 3702 973 3768 Lucano
985 3701 1065 3788 pani
1076 3702 1227 3781 sequenti
1239 3731 1273 3756 =
1286 3700 1320 3765 si

112 3812 271 3872 secutus
294 3809 398 3870 esset
416 3805 536 3891 (neque
552 3805 639 3869 enim
655 3803 797 3870 conferri
812 3807 923 3888 potest
936 3801 990 3869 IV
1005 3803 1064 3868 151
1081 3821 1130 3887 sq.
1145 3803 1319 3882 rapuitque

112 3927 211 3971 ruens
243 3908 281 3971 in
301 3905 430 3986 proelia
452 3904 555 3983 miles,
576 3909 580 3988 Ι
601 3906 688 3985 quael
709 3904 867 3988 fuqien's*
891 3903 1063 3981 timuisset,
1086 3903 1178 3986 iter),·
1201 3901 1319 3967 deinde

112 4029 223 4072 rerum
256 4012 441 4093 spectemus
473 4026 609 4070 nexum:
643 4006 680 4070 in
705 4004 767 4070 hoo
794 4003 902 4088 elogio
929 4002 1200 4088 exaggerationis
1221 4002 1319 4089 pleno

196 4199 211 4229 ¹*
229 4196 296 4246 Nam
314 4196 353 4246 ibi
370 4194 485 4246 ustiones
502 4192 677 4245 minoidentee
694 4194 765 4254 eunt,
782 4191 826 4242 hle
843 4205 905 4242 aero
923 4191 973 4252 (IV
990 4187 1050 4253 815)
1068 4205 1120 4240 555
1138 4191 1209 4241 itam.
