2836 4672
143 145 185 207 54

103 305 278 375 vulsos

186 412 200 473 i
222 410 316 473 modo
335 431 470 474 serane
491 413 797 493 «camelumque
816 413 999 494 sepulcrum

180 531 279 591 posue
300 517 406 592 copul.

102 609 170 676 Ubi
194 634 316 697 magns
337 615 392 678 uis
409 635 481 679 esse
494 614 633 679 uidetur
646 615 742 679 uerbi
750 635 859 695 posce,
872 616 1072 682 obscuretur
1087 619 1184 683 uerbi
1198 619 1294 685 eundi

103 711 180 777 Huc
212 715 272 777 uix
304 735 478 778 numerare
510 714 591 780 lieet
620 714 676 780 IX
697 717 759 780 268
779 737 829 803 sq.
854 718 908 793 ile,
930 736 950 780 o
972 716 1154 799 deponeres,
1176 718 1296 801 Pmnpei

104 834 223 877 33333
254 821 284 877 el
315 835 406 877 ormo
425 818 432 897 Ι
449 818 601 896 spernite.
643 814 712 880 Ubi
734 815 923 881 intenditur
944 818 998 882 uis
1019 820 1117 884 uerbi
1137 821 1239 885 eundi
1256 843 1297 886 re·

103 917 268 1000 repitione
290 916 446 1001 quadum,
467 939 501 980 u.
523 919 585 981 272
607 915 719 979 uudile
738 918 862 992 seeum·
886 924 988 1004 utque
1008 917 1204 986 hominibus
1223 922 1297 999 istis,

102 1037 187 1102 quos
219 1017 269 1080 itu
301 1017 454 1102 increpat
479 1014 574 1094 Cato,
600 1018 649 1081 ire
674 1017 730 1081 uel
752 1017 796 1081 ud
817 1018 968 1082 eonsules
989 1019 1047 1084 uel
1067 1019 1113 1084 ud
1134 1019 1299 1088 (laesurum

105 1117 216 1201 ipsum
250 1119 286 1181 in
318 1117 431 1181 animo
462 1118 583 1183 fueret.
637 1116 765 1182 Eodem
796 1118 898 1205 plnne
923 1140 1023 1183 sensu
1049 1119 1211 1187 dicuntur
1230 1123 1301 1188 huuc

103 1216 136 1280 V
158 1219 219 1281 325
243 1216 353 1280 tradite
374 1238 486 1297 meque
506 1221 588 1281 meis
607 1218 652 1281 ud
673 1218 756 1281 bellu
780 1217 956 1299 relinquite
975 1219 1066 1299 sulio.
1109 1221 1183 1288 Neo
1202 1224 1301 1308 magis

105 1317 171 1381 huo
196 1318 364 1403 pertinere
390 1317 527 1383 uidetur
551 1317 590 1384 11
611 1321 674 1384 498
696 1341 744 1406 sq.
851 1321 997 1400 3331333
1012 1328 1192 1402 properate
1213 1328 1301 1388 coter-

105 1436 176 1493 uue,
205 1422 211 1500 )
240 1419 285 1480 ile
316 1419 427 1496 31331,
454 1419 585 1500 pedites
615 1423 781 1484 mitorum
809 1421 974 1484 ascerum
992 1427 1139 1501 pontem
1182 1422 1302 1489 Addito

105 1518 194 1583 enim
226 1518 329 1583 uerbo
359 1519 461 1583 31331
493 1527 528 1586 et
559 1523 712 1608 opposito
744 1522 848 1586 uerbo
873 1527 1048 1602 properate
1072 1524 1129 1588 uis
1150 1525 1247 1590 uerbi
1266 1526 1303 1589 ite

105 1618 303 1685 intenditur.

187 1719 287 1783 Nunc
308 1742 368 1806 per
389 1722 579 1788 irrisionem
600 1723 789 1802 adhibetur,
815 1723 1094 1811 quemadmodum
1114 1725 1304 1813 plerumque

104 1822 118 1884 i
144 1841 232 1884 3333
257 1826 353 1902 utque
378 1824 438 1906 (el)
463 1825 622 1909 usurpari
643 1830 783 1901 constet,
805 1823 840 1888 X
861 1827 923 1889 353
945 1844 994 1911 sq.
1017 1829 1053 1887 lu
1073 1825 1242 1904 mollibus,
1261 1827 1304 1891 im

104 1923 187 2002 quit,
207 1924 212 2005 Ι
231 1942 320 1985 nuuc
340 1923 489 1986 incumbe
511 1926 592 1988 loris
613 1929 645 1987 et
663 1925 802 2006 pinquis
823 1926 916 2006 eripe
935 1944 1074 1990 somnos,

187 2024 280 2104 Ape;
306 2025 404 2104 cpite.
447 2024 605 2090 Verbalis
631 2025 750 2090 horum
775 2025 954 2090 uerborum
975 2027 1029 2090 uis
1050 2027 1305 2093 3333133333-

105 2126 191 2204 nuit,
214 2131 254 2190 ut
274 2147 335 2212 pro
357 2127 581 2192 interiectiuis
603 2127 780 2212 particulis
802 2148 900 2212 saepe
921 2127 991 2190 sint
1008 2125 1176 2192 habende
1208 2126 1306 2214 Saepe

105 2228 195 2292 enim
221 2227 394 2292 adduntur
419 2228 565 2292 aliarum
591 2248 807 2313 personarum
832 2227 950 2290 formis
975 2225 1186 2308 uerbulibus;
1219 2229 1307 2293 uelut

105 2326 198 2393 VIII
227 2330 288 2394 289
322 2348 422 2408 quare
454 2330 542 2408 33133
574 2348 677 2404 eoum,
711 2329 851 2405 conciter,
879 2346 1093 2407 properemus
1125 2328 1164 2391 in
1196 2329 1306 2393 orbem.

105 2427 193 2494 Stat.
226 2427 331 2493 Theb.
364 2427 436 2494 VII
470 2431 530 2493 126
657 2429 796 2510 opedam
822 2429 961 2508 iuferius
986 2431 1018 2491 et
1042 2427 1137 2492 busto
1160 2429 1307 2494 columm.

105 2527 175 2609 Qui
196 2552 278 2594 usus
300 2529 388 2593 nihil
410 2551 489 2593 sune
511 2529 622 2605 habet,
645 2530 735 2616 quod
756 2531 803 2593 sit
823 2529 1022 2594 mirandum.
1068 2524 1136 2593 Sed
1156 2527 1218 2595 Sil.
1234 2529 1307 2595 1331.

106 2629 190 2694 Pun.
223 2628 277 2695 XI
311 2630 403 2695 169·
436 2628 508 2708 buc,
541 2648 611 2709 ope,
644 2630 752 2693 adeste
784 2637 819 2694 33
850 2630 895 2694 11.
921 2628 976 2694 XI
1002 2629 1094 2694 575*
1117 2633 1214 2710 33333
1236 2631 1308 2694 odeo

106 2733 265 2810 temptate,
293 2730 441 2812 opertum,
468 2750 506 2794 33
533 2730 692 2811 deposcite
712 2751 837 2811 pecces,
858 2731 919 2795 ubi
939 2735 1031 2794 totus
1056 2730 1202 2816 populus
1229 2753 1308 2796 333·

105 2831 263 2916 3311333,
296 2832 479 2918 singularis
512 2850 572 2913 ope
599 2854 674 2897 eum
701 2831 913 2918 imperetiuis
937 2831 1068 2894 numeri
1088 2830 1235 2916 pluralis
1256 2854 1308 2896 no·

106 2932 230 2996 bandus
264 2937 323 2997 est.
378 2932 466 2998 Item
499 2931 586 2998 Stat.
613 2931 717 2998 Theb.
743 2931 816 2997 VII
842 2934 903 2996 612
935 2933 980 2995 ite
1002 2950 1071 3012 ape,
1094 2951 1184 2995 nunc
1200 2951 1310 3012 pacem

105 3037 230 3111 sperate
267 3033 437 3114 fidemque.
491 3033 645 3100 Incertus
676 3034 769 3099 locus
802 3033 847 3098 id.
880 3032 914 3097 X
947 3033 988 3096 33
1020 3033 1065 3095 ile
1096 3050 1156 3112 ope
1189 3037 1221 3096 et

106 3132 190 3198 Alia
216 3134 369 3220 exempla
395 3134 483 3199 nihil
508 3135 699 3222 explicandi
725 3156 826 3200 causa
847 3134 972 3199 addens
994 3132 1113 3197 3333113
1135 3132 1237 3198 Blase
1259 3155 1310 3220 pp.

106 3236 167 3297 247
190 3254 239 3319 sq.

190 3332 290 3415 Quod
305 3351 409 3422 quum
423 3337 474 3402 133
489 3338 544 3416 sit,
557 3342 813 3402 consentaneum
825 3357 896 3401 esse
907 3334 1045 3399 uidetur
1054 3332 1147 3416 (uide
1159 3332 1312 3400 Sohmulz

106 3431 182 3498 Lat.
206 3433 281 3501 Gru.⁸
302 3459 334 3522 3.
357 3439 434 3522 339)

191 3539 225 3618 3)
246 3538 327 3617 Ape,
350 3539 438 3618 apice
460 3561 535 3603 oum
557 3539 770 3625 imperatiuis
793 3536 988 3602 dissolute
1010 3534 1178 3618 coniungi.

191 3639 227 3721 3)
253 3636 456 3723 Exemplum
483 3659 543 3720 ope
569 3640 685 3723 (33113)
711 3639 803 3703 uocis
830 3641 921 3702 unte
942 3635 1228 3721 imperatiuum
1250 3635 1312 3700 ool·

107 3737 236 3802 1333333
264 3737 550 3824 apud-Lucanum
572 3761 637 3804 non
659 3740 775 3804 inueni
797 3738 870 3822 (sed
891 3738 941 3803 cfr
962 3735 1053 3803 VIII
1076 3737 1136 3800 289
1159 3737 1312 3816 cpite

101 3843 339 3925 properemus).

190 3940 227 4025 β)
249 3940 468 4028 Postponitur
489 3962 549 4023 cpe
570 3942 704 4025 (apite):
724 3939 744 4004 I
766 3941 827 4005 367
851 3938 913 4002 dcc
934 3957 1002 4018 cpe.

192 4099 206 4128 *
225 4096 296 4157 Quos
319 4087 389 4147 locos
411 4096 488 4147 effert
509 4095 540 4147 A.
565 4097 594 4146 T.
612 4095 753 4146 Lindblom
771 4108 796 4158 p.
814 4089 848 4144 43
866 4092 922 4142 eius
939 4075 1174 4153 commentationis,
1192 4105 1259 4155 quse
1277 4093 1314 4142 ln·

105 4163 234 4217 scribitur
251 4164 282 4214 In
300 4164 364 4216 Silii
382 4164 474 4215 Italici
492 4164 592 4215 Puniou
609 4162 784 4227 quaestiones,
802 4159 927 4226 Upsuliue
944 4155 1017 4209 1906.
1249 4162 1251 4166 “
