2836 4672
190 369 330 448 barbata,
345 371 477 450 patrias
497 369 588 434 sedes
609 373 704 449 atqae
726 367 815 432 boste
838 373 996 434 carentem

189 471 376 534 Ausoniam
392 475 527 550 peteret.
1204 506 1207 511 -

102 572 221 659 Atque
245 572 285 636 de
306 571 371 637 tadi
392 577 563 637 structura
583 577 672 636 recte
693 569 727 636 J.
751 569 972 637 Samuelsson·
985 572 1008 636 l.
1030 572 1053 637 l.
1076 595 1107 658 p.
1131 576 1181 638 31.

523 813 562 889 C.
616 818 903 900 imperatione.
1026 850 1028 852 ’

192 972 304 1055 Quam
326 975 490 1040 rationem
511 977 600 1041 inter
621 976 860 1060 imperatiuum
881 976 1095 1060 »praesentim
1117 982 1151 1040 et
1172 977 1313 1062 impera-

102 1078 219 1142 tiuum
251 1076 388 1141 »futuru
420 1076 623 1141 intercedere
657 1075 747 1161 apud
778 1075 902 1140 latinos
932 1077 1120 1161 scriptores,
1147 1077 1314 1162 imprimis

103 1179 245 1263 priscos,
268 1177 499 1242 contenderint
521 1177 610 1242 docti
631 1177 709 1253 uiri,
732 1176 810 1240 uide
831 1174 1005 1242 Delbrdck
1025 1175 1065 1241 H
1086 1199 1142 1262 pp.
1165 1177 1227 1242 360
1241 1198 1314 1264 sqq.

104 1283 140 1342 et
165 1277 269 1342 Blase
291 1299 346 1363 pp.
369 1279 432 1342 234
453 1299 525 1364 sqq.
547 1283 581 1342 et
602 1299 658 1342 eos
679 1277 794 1354 libros,
816 1277 877 1363 qui
897 1277 947 1341 ibi
969 1275 1167 1342 afferuntur.
1210 1276 1316 1364 Apud

104 1377 285 1444 Lucanum
307 1378 442 1464 quidem
464 1378 596 1442 nullum
618 1382 745 1443 certum
767 1376 956 1462 exemplum
978 1377 1141 1442 secundae
1156 1399 1316 1463 personae

104 1479 305 1564 imperatiui
326 1478 436 1543 futuri
457 1479 662 1558 inuenimus3
685 1499 762 1542 nam
784 1477 873 1542 huno
895 1498 1039 1555 uersum,

104 1578 200 1645 VIII
222 1581 285 1643 124

192 1681 319 1760 accipe:
339 1699 380 1743 ac
403 1682 523 1747 ansar
543 1681 666 1760 rapiat,
689 1683 725 1743 ta
746 1680 854 1743 uictas
876 1679 999 1742 babeto.

106 1802 209 1867 quem
242 1781 283 1845 ab
317 1781 395 1846 aliis
426 1782 577 1846 librariis
603 1782 763 1846 omissum
789 1783 873 1844 ml
901 1779 1024 1845 codicis
1050 1778 1316 1865 Maurentiani),

106 1887 161 1946 »ut
182 1881 344 1960 uidetur»,
367 1883 533 1967 ascripsit,
556 1882 654 1947 unico
677 1901 838 1946 consensu
859 1881 1013 1966 spurium
1034 1880 1228 1945 iudicarunt
1248 1881 1315 1945 edi—

104 1987 207 2046 tores.
250 1981 427 2048 Francken
450 1983 585 2068 quidem

104 2081 146 2148 Π
168 2085 212 2148 84
233 2105 291 2169 sq.‚
314 2083 374 2147 ubi
396 2083 544 2148 codicum
567 2087 727 2147 concentu
749 2081 1013 2146 commendatur:

192 2185 224 2247 si
247 2183 325 2248 bibet
346 2183 462 2247 alcisci
485 2182 606 2246 deletae
627 2181 748 2261 faaera
770 2183 887 2262 peratis,

193 2282 288 2364 barac,
313 2284 447 2363 Cimbri,
469 2288 595 2348 sacrate
616 2303 734 2347 seuera.

106 2384 288 2470 legendum
315 2407 386 2450 esse
412 2385 520 2450 docet:
547 2384 633 2448 baec
662 2382 805 2448 Cimbris
826 2388 954 2446 seruato
976 2403 1092 2447 serrem.
1137 2382 1204 2448 Sed
1226 2383 1318 2448 haud
1362 2396 1365 2401 “

106 2487 177 2551 scio
211 2507 255 2550 an
287 2486 377 2551 huno
402 2486 512 2550 locum
538 2507 712 2571 perperam
734 2486 784 2549 ita
806 2484 1019 2549 constituerit
1040 2482 1107 2562 Fr„
1131 2484 1171 2548 de
1193 2505 1261 2570 qua
1282 2505 1318 2548 re

107 2585 159 2650 cfr
180 2586 352 2672 symbolas
374 2587 570 2671 exegeticus.

194 2685 312 2752 Tertia
333 2708 474 2772 persona
495 2687 596 2774 idque
615 2687 740 2772 ubique
755 2686 852 2751 uerbi
867 2686 963 2750 uerbi
978 2706 1044 2749 csse
1058 2691 1111 2750 ter
1125 2685 1319 2766 adhibetur;

108 2789 168 2855 sed
195 2793 263 2852 esto
289 2809 355 2852 non
382 2787 495 2852 eodem
521 2809 629 2865 sensu,
652 2808 717 2873 quo
739 2787 843 2871 uulgo
864 2791 1031 2871 usurpant
1053 2807 1173 2850 aureae
1197 2785 1320 2850 aetatis

109 2891 301 2976 scriptores,
324 2888 397 2952 dico
420 2889 618 2966 concessiuo,
641 2887 700 2951 sed
721 2887 849 2951 iussiuo
872 2885 1062 2951 adhibitum
1084 2886 1238 2950 uidemus

313 3090 412 3154 uictis
433 3091 500 3153 iarn
521 3109 594 3168 spes
616 3088 698 3154 barca
714 3087 868 3168 partibas
890 3092 955 3151 esto

109 3192 181 3258 VH
203 3194 266 3257 319

448 3293 541 3370 ciria,
565 3292 622 3371 qai
643 3291 775 3371 fauerit,
799 3295 876 3354 esto.

111 3395 215 3460 1226

442 3493 561 3574 procia
583 3490 748 3557 biaciam
768 3491 900 3572 foedera
921 3495 1028 3554 sarto.

195 3595 393 3662 Notandum
416 3595 524 3660 estin
547 3594 640 3659 exitu
662 3615 780 3658 uersus
802 3592 863 3657 has
885 3592 1009 3656 formas
1031 3591 1191 3670 inueniri3
1219 3610 1322 3675 quare

113 3720 178 3763 non
211 3697 307 3783 piget
340 3696 497 3761 assentiri
523 3694 644 3759 Blasco
666 3716 698 3779 p.
722 3695 783 3758 243
805 3692 867 3758 hoc
888 3692 1011 3757 ferenti
1032 3691 1208 3755 iudicium:
1243 3687 1322 3753 »Die

114 3797 402 3864 hexametrisohen
435 3795 576 3861 Dichter
609 3804 727 3879 mbgen
760 3791 985 3878 gelegentlich
1019 3792 1081 3856 den
1114 3790 1236 3874 Imper.
1264 3788 1323 3852 der

114 3903 142 3963 3.
165 3899 293 3964 Person
315 3920 377 3962 zur
397 3897 583 3980 Erzielung
605 3897 694 3961 eines
715 3893 966 3959 effektvolleren
982 3890 1235 3958 Verssohlusses
1250 3910 1322 3953 ver·

115 3999 248 4066 wendet
279 3998 413 4064 haben.»
466 3996 575 4062 Usum
606 3996 716 4060 futuri
748 3994 944 4079 imperatiui
974 3991 1136 4058 secundae
1162 4010 1322 4075 personae

115 4106 190 4188 post
216 4098 387 4166 Ciceronis
408 4105 560 4183 tempora
580 4096 616 4162 in
640 4095 710 4161 dies
732 4094 893 4160 rariorem
914 4116 980 4158 non
1003 4094 1072 4158 fere
1093 4092 1161 4155 nisi
1182 4091 1218 4153 in
1240 4089 1322 4174 legi-

116 4203 177 4268 bus
198 4207 332 4266 exstare
355 4205 454 4286 atque
477 4199 654 4264 discrimen
676 4196 871 4282 imperatiui
892 4192 1079 4280 praesentis
1101 4197 1135 4257 et
1155 4190 1265 4256 futuri
1286 4190 1322 4253 in
