2836 4672
235 153 294 216 158

191 339 266 383 nem
293 317 442 383 oodioum
468 324 508 382 ut
533 317 747 398 retineamus,
775 341 876 406 quam
898 319 998 386 —id
1024 319 1113 408 quod
1135 320 1226 389 uidit
1246 322 1374 391 Haskins

190 458 232 466 -
253 417 401 484 fulciunt
421 418 496 498 looi,
519 419 634 505 quales
656 425 736 485 sunt

191 534 289 600 Ouid.
312 535 447 601 Metam.
469 534 562 600 XIII
583 537 625 602 88

566 641 747 718 sortemque
769 657 872 702 meoru
894 639 1044 717 uouistr'e‚
1067 639 1203 724 Achiui,

274 741 305 801 et
326 741 454 801 uestrae
475 737 609 802 uoluere
624 757 739 817 precer

274 851 372 935 Quod
394 854 583 940 exemplum
606 855 713 920 solum
735 855 893 936 sufficiam
916 853 1013 922 addit
1034 857 1187 924 Haskins

190 969 307 1035 Horat.
331 969 442 1056 Epist.
464 970 482 1035 I
504 989 541 1037 1v
563 974 583 1037 8

274 1071 354 1151 quid
376 1070 495 1136 uoueot
517 1072 608 1137 dulei
630 1073 798 1138 uutrr'oulu
819 1075 927 1138 motus
948 1074 1105 1140 alumno?

273 1186 368 1252 Aodi
389 1195 529 1275 possunt

190 1287 289 1354 Ouid.
313 1287 369 1355 Ex
390 1289 496 1354 Ponto
518 1290 537 1354 I
559 1308 596 1356 VI
616 1293 657 1356 46

357 1409 476 1472 moyuo
498 1395 604 1456 turueu
625 1411 698 1471 spes
720 1397 767 1456 est
788 1394 824 1456 iu
847 1393 989 1457 bouitote
1012 1393 1074 1461 uer.

273 1490 330 1570 qui
351 1511 391 1554 ue
414 1489 563 1571 diffictus
584 1491 667 1555 milet
688 1493 742 1571 sit,
770 1492 937 1571 Graeciae,
954 1499 1100 1574 pretore,

358 1590 468 1671 ooufer
489 1596 520 1655 et
541 1592 577 1655 iu
599 1597 712 1656 uoturu
736 1598 771 1657 tu
794 1614 919 1675 quoque
939 1594 1039 1658 uerbo
1060 1616 1176 1660 meuru.

273 1693 370 1771 tuque
393 1692 568 1756 Tomitana
589 1694 711 1757 toeeoru
734 1694 915 1758 tumulatus
936 1693 1066 1774 horeuo,

355 1793 385 1855 sr'
408 1796 437 1856 te
459 1812 525 1855 uou
546 1793 640 1858 uobis
661 1795 725 1858 r'stu
746 1815 867 1860 uouere
891 1795 1000 1876 liquet.

188 1893 314 1958 Lucan.
337 1893 372 1957 X
395 1895 455 1958 397
478 1893 581 1980 (quod
604 1891 740 1959 adrem
762 1894 1076 1982 eonsimssieloous)

456 1994 557 2058 uude:
578 1996 689 2075 superi
711 2000 758 2060 tot
778 2000 857 2061 uoto
880 1997 1039 2063 Ootouuru

271 2094 517 2176 Brutorumque
540 2095 600 2159 tibi
624 2095 779 2162 tribueret.

188 2193 233 2260 id.
256 2193 347 2261 VIII
370 2197 430 2261 827

272 2297 352 2378 quid
375 2296 444 2374 tibi,
466 2316 574 2375 saeuo,
591 2317 707 2377 precer
722 2318 787 2378 pro
811 2302 899 2363 tauto
923 2299 1068 2379 oriruu‘ue,
1093 2300 1216 2365 tellus?

188 2399 238 2462 eir
259 2397 408 2462 Martial.
431 2396 551 2484 Epigr.
573 2397 593 2462 I
614 2417 660 2463 xx
682 2400 716 2479 33
738 2417 815 2464 xo1x
839 2401 888 2464 16.

273 2531 327 2598 Sio
358 2531 557 2597 uertendum
590 2537 655 2597 est:
689 2531 751 2597 »Es
777 2555 890 2599 waren
915 2532 969 2599 die
990 2534 1279 2620 Rachegottinnen
1297 2534 1366 2600 eines
1406 2590 1408 2599 .

188 2632 345 2711 Tribuna
379 2631 432 2697 die
465 2630 540 2697 dem
573 2631 715 2698 Crassus
741 2633 794 2699 ins
819 2633 906 2700 Feld
927 2633 1062 2720 folgend
1086 2635 1150 2701 aui
1168 2635 1228 2701 ihn
1250 2636 1300 2702 die
1317 2631 1367 2698 Un-

187 2731 500 2816 glnokssehlaohten
522 2732 848 2800 herabwnnsehten.›

187 2981 244 3049 HI
268 2986 359 3166 196666
382 3085 451 3164 troi,
474 3085 590 3165 Romu,
612 3085 695 3168 fuya
718 3087 868 3169 Pyrrhus
891 3087 1074 3167 trepidante
1096 3088 1243 3171 reliqur't

272 3206 334 3266 quo
357 3191 387 3250 te
408 3184 584 3250 Fabricius
605 3188 699 3267 requi
720 3208 787 3252 uou
808 3188 961 3252 ueudr'do't
982 3207 1072 3267 ouro,

270 3336 335 3400 Pro
362 3338 458 3418 reyuo'
484 3337 610 3404 oodioes
637 3338 784 3425 exeeptis
811 3338 890 3403 MP
913 3338 1071 3405 exhibent
1092 3341 1174 3422 rept.
1218 3339 1370 3407 Francken

186 3438 222 3501 in
249 3442 329 3502 nota
355 3437 493 3504 oonieoit
514 3437 670 3503 Breuuus
691 3441 766 3525 (pro
788 3438 961 3525 Pyrrhus),
984 3439 1032 3505 sie
1053 3439 1219 3508 rationem
1240 3439 1371 3509 reddens:

185 3536 356 3625 Pyrrhum
388 3561 454 3603 non
488 3539 592 3605 fuisse
619 3539 773 3613 diuitem:
808 3540 926 3605 deinde
952 3541 982 3606 si
1003 3562 1063 3628 per
1083 3542 1188 3608 uerba
1210 3565 1293 3631 quae
1313 3538 1373 3606 sunt

188 3638 336 3721 Pyrrhus
363 3645 396 3704 et
422 3641 493 3721 reyr'
519 3640 635 3706 eadem
661 3662 802 3726 persona
828 3639 1046 3726 significetur,
1070 3641 1184 3708 eodem
1207 3641 1373 3731 pertinente

185 3745 328 3826 utroque
349 3761 452 3805 uersu
474 3739 641 3827 eorrumpi
665 3741 870 3827 anaphoram
889 3763 949 3828 per
967 3748 1040 3807 oeto
1055 3741 1206 3809 membra
1221 3742 1373 3810 continua·

185 3847 255 3905 tam
283 3846 317 3906 et
338 3862 426 3906 mere
447 3841 628 3907 relatiuam
650 3843 851 3907 sententiam
874 3843 1007 3909 annecti
1028 3843 1148 3908 misere
1169 3844 1373 3930 languentem.

185 3941 242 4007 Ad
270 3943 404 4008 diuersa
428 3940 538 4026 igitur
558 3941 726 4028 pertinere
748 3941 865 4009 debere
886 3965 1005 4009 nereus
1026 3944 1104 4008 illos
1126 3946 1214 4029 (159,
1239 3941 1376 4028 16016111

184 4043 402 4129 posteriorem
429 4063 500 4106 esse
526 4043 746 4108 eximendum.
792 4043 858 4110 Sed
884 4065 1019 4109 nereum
1048 4047 1109 4110 160
1134 4045 1165 4110 ei
1186 4039 1375 4134 epexegaiu

185 4143 421 4226 subiungimus
447 4143 561 4229 priori,
589 4143 708 4223 omnia,
737 4144 843 4222 eredo,
870 4166 952 4210 sana
979 4165 1049 4209 esee
1071 4151 1221 4231 possunt.
1265 4145 1305 4212 In
1323 4159 1376 4230 qu0
