2850 4666
1158 188 1219 253 131

51 364 188 423 anctore
210 356 354 425 Webero
375 357 495 422 laudat
517 355 705 434 Claudiam,
728 355 830 442 Rapt.
853 354 1005 442 Proscrp.
1028 353 1164 422 111353
1185 355 1263 420 iada

52 458 154 523 timor
179 478 362 539 aameaqae
390 457 459 522 loco
482 477 555 535 ...;
584 456 621 521 id
647 457 744 522 modo
770 457 861 521 haud
882 478 917 523 se
944 457 1028 523 scire
1050 459 1109 537 ait,
1132 480 1175 523 an
1197 478 1263 520 non

53 565 143 624 reate
166 559 298 624 dicatur
319 559 445 645 aliquis
467 558 559 623 dare
581 578 704 622 numen
725 558 805 637 loco,
829 579 932 643 quum
952 556 1064 644 ipsum
1079 558 1188 624 locum
1203 580 1263 623 nu·

53 680 129 725 men
153 659 295 725 habere
317 682 379 746 par
400 660 456 724 sit.
500 656 566 724 Sed
588 658 738 723 conferas
759 658 861 722 uelim

53 792 132 859 val.
155 791 263 858 Flace.
286 794 414 878 Argon.
437 792 577 858 111428

140 899 239 976 atque
260 899 381 958 metam
403 914 585 975 aamcaqae
607 894 676 959 dcco
697 912 889 974 sacramque
911 895 1053 976 quietem

141 994 283 1073 addidit,

55 1213 72 1278 I
96 1216 158 1279 678

142 1335 204 1394 qao
225 1316 323 1396 feror,
347 1335 365 1379 o
387 1314 527 1379 Paeaa?
549 1335 615 1395 aaa
636 1335 686 1378 mc
707 1335 805 1395 saper
827 1313 962 1380 aethera
983 1321 1116 1397 raptam

143 1417 316 1480 eoast'tae's
339 1414 452 1479 terra?

144 1565 229 1650 (ium
261 1567 374 1632 uerbis
407 1573 534 1632 motum
566 1567 795 1632 indicantibus
822 1587 919 1653 saepe
942 1567 1056 1633 eodem
1077 1569 1146 1634 fere
1168 1590 1268 1635 sensu

58 1665 217 1751 coniungi
249 1668 521 1753 praepositiones,
555 1690 640 1754 quae
673 1673 753 1733 sunt
777 1687 884 1748 saper,
912 1674 1016 1747 treas,
1033 1689 1104 1749 per,
1127 1675 1267 1736 constat.

58 1765 171 1848 Quare
193 1769 229 1832 in
251 1773 421 1833 structura
443 1769 504 1834 illa
525 1789 627 1850 saper
649 1768 784 1850 aethera
802 1774 936 1849 raptam
952 1769 1187 1836 offendendum
1201 1793 1268 1836 non

58 1889 130 1933 esse
162 1867 308 1933 uidetur.
355 1867 496 1934 Damste
522 1891 601 1935 uero
628 1891 762 1934 uersum
789 1871 914 1935 686-
937 1870 1194 1954 datiamsaper
1215 1893 1268 1937 ae·

57 1987 164 2049 qaora
195 1967 323 2051 Syrtica
356 1975 563 2051 arentemque
588 1971 678 2052 feror
700 1971 829 2053 Libyca
851 2010 893 2019 —
916 1971 1152 2036 conferendum
1173 1977 1268 2038 ratus

58 2069 184 2134 reiecta
210 2069 360 2134 codicum
385 2070 527 2136 lectione
554 2070 711 2158 proponit
736 2071 914 2155 legendum
940 2090 1041 2152 saper
1063 2091 1209 2153 aequora
1229 2093 1268 2151 r.,

60 2169 149 2256 quod
171 2171 298 2255 recepit
318 2169 504 2237 Francken.
549 2171 615 2239 Sed
637 2174 755 2238 notaui
777 2194 798 2237 a
818 2173 927 2258 poetis
946 2172 1082 2238 Latinis
1098 2172 1269 2239 adhibitas

60 2290 131 2334 esse
158 2291 410 2357 nonnumquam
437 2278 624 2350 structuras
650 2273 767 2360 quados
789 2277 869 2338 sunt
891 2277 984 2338 treas
1007 2271 1148 2353 aethera,
1170 2293 1270 2356 saper
1302 2258 1305 2265 ’

61 2368 204 2449 aethera,
233 2391 298 2452 per
330 2393 420 2452 aera,
448 2395 552 2461 quum
573 2373 729 2440 fabulosa
751 2379 997 2459 superterram
1019 2374 1143 2439 itinera
1164 2372 1269 2459 signi-

59 2469 192 2536 ficanda
214 2478 337 2554 essent;
361 2474 411 2538 cfr
432 2496 483 2540 ex.
505 2497 555 2560 gr.

60 2605 163 2690 Verg.
186 2605 272 2671 Aen.
294 2606 367 2674 VH
390 2611 431 2674 64

32 2763 34 2769 .
146 2705 245 2771 haias
267 2728 344 2789 apes
364 2729 527 2774 summam
550 2710 671 2774 densae
693 2749 734 2758 -
755 2710 906 2775 mirabile
928 2709 1021 2777 dicta
1041 2747 1085 2758 —

146 2809 285 2872 stridore
307 2810 436 2891 iaqeate‘
458 2811 619 2893 liquidam
643 2815 739 2875 troas
761 2810 894 2874 aethera
915 2815 1029 2877 aeetae

147 2909 297 2974 obsedere
319 2912 455 2993 apicem,

63 3008 162 3074 Ouid.
186 3008 241 3075 Ex
262 3009 368 3076 Ponto
390 3011 449 3077 ΙΙΙ
471 3031 499 3078 11
521 3015 561 3079 63

148 3130 246 3193 qaam
269 3109 396 3177 leae'bas
417 3115 526 3178 acatis
546 3114 605 3178 sab
627 3113 713 3178 aabe
730 3129 891 3194 peracre
912 3117 1039 3178 uectem

148 3213 294 3277 creditae
316 3213 368 3278 dis
389 3213 514 3280 Pdoebe
535 3215 724 3297 deposuisse
746 3214 834 3280 locis.
856 3253 897 3263 -

61 3428 166 3496 1110

600 3534 733 3599 saccata
755 3535 850 3598 dassa
870 3531 1025 3612 ferentem

148 3621 294 3712 fatorum
315 3635 448 3700 immoto
462 3635 589 3700 diuisit
612 3636 714 3700 dimite
735 3633 895 3698 mandam

148 3782 325 3851 Francken
352 3808 412 3873 pro
439 3787 559 3852 diae'se't
584 3785 726 3853 coniecit
747 3785 897 3849 actaea
919 3782 1111 3848 desiderans
1132 3780 1273 3846 uerbum

64 3884 205 3973 aliquod
223 3888 496 3953 constituendi
514 3887 696 3975 praecisa
715 3886 948 3965 mutatione3
971 3881 1170 3948 conferenda
1184 3882 1273 3946 enim

65 4007 137 4053 esse
170 3987 401 4054 antecedentia
432 3988 510 4068 duit
541 3991 578 4053 ta
611 3994 779 4053 aeternam
806 3980 982 4050 caasas‘et
1002 4003 1037 4048 se
1057 4001 1183 4064 qaoque
1206 3981 1274 4064 leqc

64 4092 188 4152 terrem.
241 4088 352 4176 Atqui
384 4091 552 4155 notionem
584 4089 664 4154 fixi
696 4089 779 4154 satis
811 4090 981 4152 testantur
1012 4084 1116 4150 uerba
1141 4082 1273 4146 immeto

64 4199 118 4281 (=
136 4192 316 4278 immobili)
342 4198 377 4258 et
403 4191 515 4256 dimite.
563 4191 651 4256 Tum
677 4210 756 4254 uero
778 4187 898 4252 diuisit
919 4185 1060 4251 uerbum
1082 4187 1273 4270 exspectan·
