2836 4672
1152 180 1212 243 159

75 362 146 408 aran
179 342 265 408 mihi
298 342 432 431 quidem
464 343 642 409 Lucaneus
669 365 749 410 sane
770 344 859 409 color
879 343 988 410 inesse
1010 342 1148 410 uidetur
1168 366 1254 410 aom-

75 449 227 508 amora‘ao
251 466 341 522 aura,
363 465 429 530 quo
450 442 596 531 patriam
618 465 652 509 se
674 443 891 510 uenditarum
910 450 1051 529 negarat
1064 444 1253 525 Fabricium

75 543 198 631 uodque
220 550 333 610 tamen
355 543 583 609 Romanorum
605 550 745 611 uenerat
765 545 802 609 in
823 550 1033 631 potestatam.
1076 546 1119 612 In
1141 546 1254 612 uerbis

75 664 135 722 ero,
161 665 247 731 quae
274 650 354 709 sunt
378 643 461 725 ἴαμα
484 645 674 726 trepidante,
698 637 786 710 nihil
807 666 886 725 esse,
910 646 1087 732 quominus
1109 646 1191 712 haee
1213 646 1254 712 de

75 744 176 829 'yrrho
198 766 278 828 rege
301 743 369 812 diei
392 744 576 823 credamus,
598 746 745 811 ostendit
765 746 858 811 locus
881 744 991 832 qualis
1013 752 1064 812 est

75 843 223 910 tlaudian.
246 844 369 911 XXVI
392 848 452 911 128

124 946 204 1026 ptus
224 945 307 1027 ἴαμα
330 945 486 1010 laudatur
506 944 629 1028 Pyrrhi
651 966 748 1027 quam
769 946 882 1011 uiuata
902 947 1094 1029 Iuyurthae.

75 1195 107 1262 'H
127 1201 278 1363 {Zitausit
300 1303 384 1363 totas
406 1298 558 1380 quamuis
580 1297 721 1363 detectus
741 1298 901 1378 Athenas,

130 1401 263 1481 eaiauae
284 1398 431 1465 Phoebea
453 1403 561 1463 teneat
581 1398 717 1463 uauatia
732 1421 870 1481 μαμμθε,

131 1505 256 1582 tresque
272 1505 395 1580 petuut
416 1519 529 1564 ueram
552 1500 640 1576 aredi
663 1499 836 1565 Salamina
858 1501 998 1566 aariuae.

129 1651 279 1723 Nauatia
298 1672 396 1737 saepe
418 1651 507 1717 idam
528 1649 720 1736 significare
743 1651 831 1738 quod
844 1657 966 1732 paetus
983 1673 1096 1718 uocem
1111 1658 1252 1719 aonstat.

75 1745 192 1816 meua
218 1750 355 1817 aauatia
381 1749 448 1817 diei
474 1757 605 1839 oportet
630 1752 671 1817 de
697 1773 735 1817 eo
761 1758 869 1839 portu,
893 1753 929 1817 in
952 1773 1050 1839 quem
1072 1752 1252 1820 conuenire

75 1868 153 1919 assae
175 1857 257 1918 sant
278 1873 382 1917 naues
404 1851 576 1918 sociorum.
613 1852 702 1920 Nam
718 1852 960 1918 sententiarum
975 1854 1064 1919 inter
1078 1876 1113 1920 se
1128 1877 1251 1920 noxum

76 1946 85 2010 i
104 1951 427 2033 considerauerimus‚
451 1952 618 2018 sententia
631 1952 803 2040 primaria,
819 1953 901 2040 quid
915 1953 986 2034 fiat,
1002 1953 1251 2021 commemorari

75 2070 111 2116 tar
128 2075 196 2118 asse
218 2050 418 2118 uidebimus.
463 2053 550 2118 Tum
573 2075 653 2120 uero
672 2059 780 2119 teueat
794 2054 929 2118 uaualia
938 2075 1067 2136 puppes
1080 2053 1168 2120 idem
1183 2056 1250 2140 sig·

75 2148 158 2218 tifiaat
180 2153 270 2240 quod
292 2154 333 2217 in
353 2159 509 2240 portum
530 2153 596 2219 Ph.
619 2154 803 2239 dirigunt
824 2175 945 2220 naues
967 2176 1132 2221 cursum.
1166 2153 1249 2222 Oan-

75 2249 185 2319 imilem
207 2253 310 2319 huius
332 2254 429 2319 uerbi
450 2276 583 2320 sensum
606 2260 772 2340 usurpant
792 2256 945 2341 exempla
963 2256 1135 2335 nonnulla,
1154 2256 1252 2321 uelut

125 2457 248 2521 iuteeea
272 2455 397 2536 trepida
421 2456 616 2520 descendeus
638 2457 767 2538 aymiue
789 2457 938 2538 Maauus

125 2557 253 2622 moeuia
274 2555 442 2620 Dardauii
464 2558 570 2622 teauit
594 2559 760 2637 Campana
782 2557 899 2622 eotaui.

75 2654 180 2725 [1755

527 2767 529 2772 ’
577 2758 713 2823 uauatia
727 2779 854 2839 paucae

117 2859 298 2939 praecipiti
320 2864 450 2925 teuueee
470 2858 563 2940 ἴαμα.

123 3080 261 3142 mamque
283 3066 370 3125 rates
391 3061 500 3124 audam
520 3059 678 3142 Lilybaeo
703 3062 811 3126 littore
831 3063 933 3127 satuit

127 3160 228 3226 Ouria
251 3182 308 3225 uee
329 3162 410 3243 faeti
431 3161 517 3225 uelis
538 3161 690 3243 aquileae
712 3168 835 3243 recepto

122 3263 208 3327 iuter
229 3263 404 3326 semirutae
425 3281 563 3343 maauae
590 3261 801 3345 anttayiuis
822 3283 910 3329 ames

123 3368 153 3427 et
180 3363 337 3443 Clupeam
360 3363 463 3427 teuuit
484 3364 637 3427 statiauis
661 3363 773 3429 littora
794 3370 890 3429 uotae

94 3467 154 3529 719

116 3570 329 3644 praetereunt
349 3564 475 3645 frustm
498 3566 645 3645 temptati
668 3565 780 3630 littora
801 3567 893 3631 Lissi

121 3664 412 3747 Nymphaeumque
435 3670 543 3732 teueut

75 3764 213 3832 111463
235 3766 289 3851 (de
311 3788 376 3853 quo
398 3767 468 3831 loeo
491 3765 569 3831 uide
591 3767 756 3833 Haskinsi
778 3770 906 3853 notam)

121 3887 179 3931 uee
202 3868 308 3931 teuuit
329 3873 462 3948 aratum
484 3875 642 3933 moetueua
667 3868 789 3934 iumiue
810 3875 950 3934 moutem

121 3969 300 4048 iufimaque
321 3966 467 4049 Ααμμμῖἱ
482 3970 631 4049 μαμαααα
655 3968 768 4034 littora
790 3970 863 4035 uelo

121 4070 180 4132 uia
203 4069 310 4150 tetiait

75 4169 194 4236 'rLiu
217 4169 238 4235 Ι
258 4188 273 4235 1
295 4170 334 4235 ab
359 4169 475 4234 Sicilia
496 4170 597 4234 alasse
619 4173 663 4235 aei
684 4170 878 4236 Laueeutem
900 4191 1016 4253 aarum
1040 4173 1191 4237 tenuisse.
