2836 4672
57 349 91 415 V
114 353 176 415 571

144 451 287 515 aubibus
310 455 340 514 et
362 451 449 514 coelo
471 456 567 515 actus
589 456 651 528 est·
671 453 702 514 se‘
724 470 891 514 murmura
907 453 1007 530 porea

144 551 357 628 consulimus,
381 552 447 615 core'
468 553 578 615 ueniet
599 571 695 616 mare.

57 651 113 716 IX
134 654 197 715 411

144 753 242 816 tertia
259 773 472 834 palaearum
494 752 606 834 Libye,
628 755 658 817 θῶ
681 753 806 817 credere
827 753 933 834 famae

144 857 260 916 cuneta
282 853 382 933 aelim
405 858 440 916 ut
460 855 491 917 si
512 858 625 917 acatos
647 853 833 933 coelumque
853 856 1010 934 sequaris,

136 973 221 1032 pore
243 956 306 1018 erit
326 954 488 1033 Eeaopue.
609 966 611 970 “

142 1052 339 1119 Notandum
374 1055 563 1141 exemplum
590 1056 749 1139 (omissa
771 1054 939 1120 sententia
960 1054 1196 1136 condicionali)
1218 1060 1268 1118 est

57 1153 90 1219 V
111 1157 176 1220 493

143 1257 174 1319 si
197 1254 274 1319 beae
296 1261 372 1319 uota
395 1254 478 1320 milei
501 1261 556 1333 est,
579 1257 623 1319 ud
645 1258 793 1323 Caesaris
815 1275 906 1320 crasa
927 1257 1082 1320 iuuentus

143 1355 321 1437 acufruye‘o
343 1357 471 1420 acuisse
493 1357 589 1422 uolet.

142 1455 221 1522 Non
245 1456 360 1522 eodem
381 1458 481 1543 plane
504 1457 543 1521 de
565 1479 685 1544 genere
707 1479 767 1523 nec
788 1464 901 1524 tamen
924 1480 1059 1544 prorsus
1082 1455 1268 1543 spernenda

57 1561 138 1621 sunt
161 1557 314 1643 exempla
335 1556 424 1635 haec,

55 1655 179 1722 11537

144 1757 180 1821 di
203 1757 330 1835 mellae,
354 1758 432 1823 belli
455 1759 591 1823 tellenas
613 1759 700 1841 quod
722 1760 841 1824 dcccco
857 1761 1003 1841 priores:

143 1860 285 1938 eoeperit
305 1859 383 1923 iude
405 1860 497 1941 nefas

140 1958 211 2024 Ubi
233 1964 321 2025 recte
345 1960 495 2025 auditur:
518 1958 613 2025 »olim
636 1963 834 2047 quaerenti».

56 2060 111 2126 IV
134 2063 196 2126 257

303 2159 427 2226 Phario
450 2182 507 2226 uec
530 2167 655 2226 tautum
678 2168 725 2226 est
746 2182 882 2244 aequore
904 2168 1039 2244 pectam,

142 2261 202 2327 boc
222 2262 386 2343 siquidem
408 2262 475 2327 solo
499 2263 611 2327 ciuilis
633 2266 768 2328 oriculae
791 2264 868 2329 belle·
1007 2274 1008 2279 ’

144 2362 212 2426 dax
234 2382 349 2427 causae
372 2362 611 2428 molinaeus.

143 2461 359 2528 Samuelsson
393 2465 458 2527 eris
489 2465 553 2530 iut.
586 2464 664 2531 hist.
698 2488 769 2532 esse
802 2467 958 2544 ostendit,
990 2487 1074 2553 quae
1101 2464 1266 2530 sententia

56 2586 135 2630 cum
168 2586 208 2629 ca
233 2565 464 2650 explicatione,
488 2587 589 2652 quam
611 2566 830 2632 uerisimilem
852 2572 934 2653 puto
956 2569 1029 2651 (aaz
1052 2567 1147 2631 »olim
1168 2587 1264 2652 quae-

56 2664 187 2748 rentir),
221 2665 380 2750 coniungi
412 2688 508 2752 posse
540 2667 686 2732 uidetur.
731 2665 892 2733 Constare
924 2668 1021 2733 credo
1047 2672 1157 2732 totum
1178 2666 1267 2730 hunc

56 2765 254 2831 Lucanenm
286 2766 396 2832 futuri
428 2766 679 2852 probabilitatis
712 2790 811 2832 usum
837 2808 878 2815 -
905 2767 1023 2833 audita
1050 2788 1147 2854 saepo
1168 2766 1267 2832 facile

56 2872 143 2932 sent.
178 2867 399 2932 condicionali
431 2905 473 2915 -
506 2890 522 2932 θ
554 2865 666 2934 futuri
698 2869 735 2932 ui
766 2871 851 2934 trita
877 2874 910 2933 ct
935 2867 1079 2952 uulgata
1105 2865 1267 2954 explicari

56 2989 163 3054 posse.
219 2965 328 3048 Quem
361 2990 459 3033 usum
490 2968 599 3033 futuri
625 2967 705 3048 eius,
734 2970 823 3056 quod
845 2974 897 3035 est
923 2971 993 3047 erit,
1016 2967 1117 3034 Blase
1138 2991 1170 3054 p.
1195 2971 1265 3046 119,

57 3066 137 3133 inde
160 3068 396 3154 explicandum
419 3069 477 3148 ait,
500 3070 588 3155 quod
611 3067 656 3133 sit
677 3075 775 3135 uetus
798 3070 1040 3135 coniunctiuua
1077 3068 1187 3156 Atqui
1202 3069 1266 3133 etsi

57 3190 124 3232 non
158 3174 210 3234 est
242 3168 433 3254 negandum
467 3172 517 3236 ita
549 3192 584 3235 se
617 3193 686 3235 rem
718 3169 838 3236 habere
864 3191 970 3256 posse,
996 3176 1108 3236 tamen
1131 3168 1266 3234 ethaeo

58 3269 250 3356 explicandi
282 3270 370 3334 ratio
402 3271 514 3336 refelli
546 3271 682 3336 uidetur
714 3271 875 3357 exemplis
908 3292 925 3336 e
957 3271 1068 3357 prisca
1093 3269 1266 3335 latinitate

59 3370 205 3454 sumptis
238 3375 272 3435 et
303 3370 412 3456 magis
444 3372 556 3458 placet
581 3376 691 3436 totum
715 3371 777 3437 hoc
802 3372 956 3437 futurum
978 3392 1168 3457 comparare
1191 3393 1265 3436 cum

55 3469 184 3535 talibus
205 3470 341 3551 futuris,
364 3494 449 3559 quae
470 3471 692 3537 inueniuntur
712 3474 748 3536 in
771 3472 848 3538 aliis
866 3473 1004 3556 linguis,
1020 3494 1106 3560 quae
1121 3472 1265 3558 explica·

57 3572 183 3638 tionem
216 3571 312 3637 illam
338 3595 356 3638 θ
382 3572 549 3638 communi
574 3573 756 3638 formarum
779 3572 909 3658 origine
930 3579 1099 3659 sumptam
1121 3594 1187 3637 non
1209 3572 1265 3636 ad-

58 3672 214 3754 mittunt3
242 3674 338 3738 uelut
363 3673 400 3738 in
421 3674 550 3757 linguis
571 3673 763 3759 germanica
785 3679 818 3739 et
839 3673 1090 3758 francogallica.
1135 3672 1195 3739 cfr
1216 3693 1265 3737 ce-

57 3778 166 3839 terum
188 3778 302 3838 notam
325 3773 424 3839 Brixi
446 3779 480 3839 et
500 3773 682 3840 Niemeieri
704 3774 775 3840 loco
794 3774 963 3850 Plautino,
979 3773 1072 3839 Trin.
1089 3777 1150 3839 923
1165 3776 1255 3858 (922)

58 3874 218 3939 additam.
261 3873 317 3938 Ex
335 3875 513 3961 temporali
528 3875 636 3939 futuri
651 3896 715 3939 usu
730 3874 832 3940 huius
847 3874 989 3939 modalis
1004 3896 1086 3939 usus
1100 3872 1265 3959 originem

57 3975 212 4062 equidem
233 3980 384 4061 repetere
394 3985 396 3989 ’
407 3975 532 4039 malim.
568 3975 684 4062 Atque
703 3974 740 4038 in
756 3975 916 4062 exemplis
932 3976 985 4053 iic,
1001 3975 1265 4062 quibuscumque

57 4075 282 4161 primigenius
314 4096 427 4141 rerum
460 4081 569 4141 status
596 4075 799 4152 illustratur,
826 4077 1042 4161 temporalem
1063 4073 1172 4140 futuri
1195 4074 1264 4140 nim

59 4172 148 4242 hand
183 4174 321 4244 difficile
354 4197 532 4261 agnoscere
564 4176 653 4242 licet.
706 4176 758 4240 De
791 4198 858 4263 qua
890 4198 924 4240 re
951 4177 1029 4241 uide
1054 4175 1099 4242 H.
1123 4175 1264 4262 Sjogren
1397 4240 1401 4249 ,
