2836 4672
210 186 248 248 16

166 351 271 417 sentis
305 373 364 437 pre
397 352 513 415 tuturo
546 349 582 414 in
615 350 793 415 sententiis
825 350 996 436 primariis
1022 348 1181 435 usurpati
1204 350 1371 418 efferenda

167 451 233 515 duc
267 452 428 537 exempla,
463 452 522 517 ubi
554 471 620 517 acc.
655 474 730 516 cum
763 451 822 515 ini.
856 451 1044 531 inuenitur3
1077 470 1186 536 praes.
1220 452 1281 516 inf.
1314 475 1370 538 pre

166 553 297 617 futuro:
324 551 495 617 Domitius
517 573 595 617 sues
617 557 750 638 pontem
771 549 959 617 rescindere
981 551 1137 629 iusserat,
1159 555 1199 615 ut
1220 553 1370 639 apposite

168 673 264 717 amne
286 653 403 738 rapide
425 653 468 717 ab
490 651 716 738 oppugnanda
737 651 818 716 urbe
841 655 1011 716 arceretur
1034 649 1170 717 Caesar:
1244 695 1245 700 η

166 767 219 836 IV
239 771 300 834 491

252 869 400 935 deuoluit
421 869 576 950 rapidum
598 869 818 950 nequidquam
840 868 1010 934 ruoeuibae
1031 888 1156 950 aymam.

251 989 327 1034 maru
343 973 442 1051 prior
463 992 479 1033 e
501 972 625 1050 campie
647 975 684 1032 ut
706 971 867 1050 aruspicii
888 989 982 1032 amue
1003 969 1110 1033 saletto

251 1074 361 1152 rumpi
385 1073 505 1138 Caesar
526 1073 589 1135 iter
605 1120 1001 1136 .................

167 1187 219 1254 IV
243 1192 303 1255 160

596 1283 714 1370 quibua
736 1287 825 1353 haste
841 1290 950 1368 petito

250 1390 403 1472 faucibus
425 1392 530 1455 emitti
553 1394 714 1454 terrarum
736 1391 773 1453 iu
796 1390 893 1453 deuia
914 1388 1057 1453 Martem

252 1492 351 1573 imque
371 1493 459 1572 feras
480 1495 590 1572 acates
616 1490 734 1556 Caesar
754 1491 856 1555 uidet.

253 1694 340 1758 dicit
362 1693 457 1757 etad
478 1697 602 1757 meutee
625 1693 806 1756 tendentem
822 1693 998 1773 praeueuit
1020 1691 1151 1756 testem.

253 1860 321 1927 Ubi
337 1862 452 1946 agitur
467 1862 507 1927 de
520 1859 662 1926 Caesare
673 1860 754 1926 haec
765 1859 901 1925 uidente
913 1864 946 1924 ct
957 1860 1135 1944 cogitante,
1147 1860 1183 1924 in
1194 1860 1378 1947 participio

167 1966 220 2048 (=
241 1967 325 2028 sent.
359 1961 592 2044 condicionel.)
617 1952 705 2025 nihil
731 1959 822 2026 inest
843 1964 960 2026 contra
981 1980 1100 2025 uerum
1121 1959 1201 2026 ficti.
1246 1960 1314 2027 Sed
1338 1983 1377 2026 ex

167 2070 291 2130 euentu
311 2063 444 2148 cognite
459 2066 575 2149 pastea
589 2062 626 2126 in
641 2062 727 2127 tales
742 2061 925 2126 sententias
939 2060 1093 2126 insinuat
1107 2082 1141 2126 se
1156 2059 1377 2148 uisquacdam

168 2165 311 2230 irreaiis.
356 2162 581 2230 conferendae
605 2183 684 2228 sane
706 2164 904 2240 structurae,
928 2162 1044 2248 quales
1066 2165 1146 2226 sunt
1160 2159 1267 2227 Tacit.
1284 2161 1377 2228 Hist.

168 2264 222 2332 IV
243 2283 308 2330 xm
331 2267 386 2329 cui
408 2265 572 2329 excidium
594 2263 799 2340 adnectebat,
822 2265 853 2326 ei
874 2264 1133 2343 rediuteqratum
1149 2261 1269 2325 betium
1285 2267 1316 2326 et
1332 2267 1379 2326 tet

169 2370 368 2429 crematarum
402 2365 497 2430 ruiiia
529 2365 676 2429 Italiam
699 2366 904 2445 irrupissent.
953 2362 1065 2429 Tacit.
1096 2362 1189 2428 Hist.
1222 2361 1276 2427 IV
1302 2381 1378 2428 xvn

253 2468 284 2529 ei
311 2466 474 2531 destiuatu
495 2467 737 2546 urcueuieeemt,
766 2465 1050 2529 ualidissimarum
1073 2463 1378 2544 ditissimarumque

169 2569 341 2630 uatiouum
362 2587 461 2647 reque
485 2568 682 2631 imminebat.

253 2701 319 2767 Hic
351 2715 433 2767 usus
466 2701 650 2787 praesentis
677 2722 736 2786 prc
759 2700 873 2764 futuro
896 2720 997 2784 quam
1018 2698 1087 2762 late
1109 2699 1144 2763 in
1168 2698 1378 2781 secundariis

169 2823 300 2889 quaque
326 2802 512 2868 enuntiatis
538 2806 662 2887 pateat,
688 2800 780 2865 haud
802 2799 947 2863 alienum
972 2797 1038 2862 crit
1060 2819 1263 2882 cognoscere.
1298 2798 1379 2864 ‘Lu-

170 2925 272 2970 eanea
294 2904 447 2989 exempla
469 2902 561 2967 haud
582 2923 661 2967 rara
683 2905 775 2980 sunt;

169 3038 201 3105 V
225 3041 283 3104 158

392 3143 423 3201 et
444 3138 538 3202 uobis
560 3138 694 3201 meritae
716 3136 819 3214 dabie,
842 3136 990 3217 improba
1008 3154 1132 3217 peeuae

255 3244 284 3303 et
305 3241 441 3318 ruperia,
466 3258 545 3318 quoe
566 3239 679 3319 limate,
703 3239 760 3315 ait,
783 3238 851 3301 miei
873 3238 1029 3318 recreeris
1050 3237 1156 3299 catria

255 3341 355 3420 deque
379 3339 467 3403 orbis
489 3339 610 3420 trepidi
633 3344 722 3403 tauto
745 3338 892 3403 consulta
916 3337 1059 3402 tumultu

255 3440 379 3504 desimie
401 3441 472 3521 emsa
497 3439 596 3519 ioqui.

170 3557 202 3626 V
227 3561 287 3624 533

705 3660 735 3722 ei
757 3660 846 3722 iussu
869 3663 996 3722 secutus

255 3780 304 3823 me
326 3757 420 3822 uehis
442 3758 646 3838 Hesperiam,
671 3779 737 3822 ucu
759 3759 848 3822 uttru
870 3763 985 3823 eumeta
1008 3758 1138 3822 eariuae
1221 3834 1222 3839 ἵ
1253 3824 1255 3831 ,

256 3859 383 3924 debebis

170 3975 204 4043 V
226 3980 285 4043 571

634 4080 664 4142 si
685 4098 854 4142 mmmura
870 4078 969 4158 acuti

256 4179 466 4256 concutimur,
490 4180 558 4242 eeri
579 4179 688 4242 uertet
710 4198 807 4243 mare.
