2836 4672
1188 188 1228 251 61

145 346 286 412 Praeter
308 346 534 414 Schmidtium
556 349 593 433 (l.
617 349 640 413 l.
655 371 688 434 p.
705 352 779 433 727)
794 351 946 436 exempla
960 350 1118 418 Lucenee
1132 351 1271 439 collegit

60 447 102 516 G.
130 448 232 514 Mchr
253 448 320 527 (De
342 447 514 514 infinitiuo
535 449 706 528 historico,
730 450 808 514 diss.
832 450 1001 529 Helensir,
1026 473 1054 517 a.
1079 454 1190 537 1878);
1211 454 1271 518 ned

59 549 159 615 ambo
182 549 287 613 nimio
308 548 394 614 hanc
415 553 546 635 partem
568 549 766 615 referciendi
787 551 901 615 studio
924 551 1062 616 adducti
1081 553 1271 620 attulerunt

58 648 217 736 exempla
237 648 402 714 nonnulle
424 649 490 716 huc
511 671 576 714 non
598 650 814 735 pertinentia.
858 651 964 717 Velut

57 751 111 817 IV
134 752 197 817 175
265 813 267 815 ,

465 850 562 914 andet
584 851 808 916 transcendere
829 853 960 918 nnllam

143 951 241 1016 miles
262 953 300 1015 e'n
322 951 492 1032 amplexas
513 951 633 1032 effusas
655 953 783 1016 tendere
799 953 959 1033 palmas.-

57 1053 191 1117 tendere
214 1074 346 1139 quoqne
368 1051 410 1118 ab
432 1052 534 1117 analet
555 1052 656 1117 uerbo
678 1053 801 1139 pendet
823 1055 992 1120 nimirum.

57 1169 111 1237 IV
134 1171 199 1235 264

145 1275 225 1334 tnnc
245 1272 358 1350 inopes
379 1270 488 1334 nndae
503 1275 684 1350 praerupta
707 1271 835 1352 cinaere
855 1271 947 1352 fossa

149 1370 274 1437 Caesar
296 1375 372 1436 anet
392 1391 450 1435 nec
472 1375 582 1435 castra
599 1372 675 1451 pati
698 1373 880 1453 contn'nycne
900 1373 1002 1452 ripas.

143 1471 188 1538 H.
212 1471 235 1536 l.
259 1476 336 1536 anet
357 1471 458 1537 uerbo
480 1476 646 1556 reguntur
667 1477 701 1536 et
722 1473 826 1537 uerba
841 1474 969 1554 cinyere
989 1478 1023 1538 et
1036 1493 1094 1538 nec
1109 1523 1116 1537 .
1134 1524 1140 1538 .
1158 1524 1165 1539 .
1176 1475 1266 1556 pati.

56 1574 129 1639 Nec
158 1574 239 1655 pate'
271 1572 325 1638 hic
357 1594 424 1637 non
456 1570 628 1657 significat
659 1576 690 1635 et
716 1592 811 1654 aeqrc
836 1573 931 1653 ferre,
953 1574 1012 1639 sed
1033 1578 1064 1637 et
1080 1573 1266 1656 prohibere.

56 1674 129 1740 Nee
149 1707 183 1730 =
203 1678 239 1740 et
261 1690 288 1744 ÷
311 1695 378 1738 nan
410 1673 454 1738 ad
480 1693 585 1737 unum
610 1673 751 1738 uerbum
777 1674 986 1739 referendum
1008 1712 1050 1724 -
1071 1676 1122 1741 cfr
1143 1697 1194 1741 ex.
1216 1698 1266 1762 gr.

56 1776 90 1843 V
113 1778 177 1842 153
198 1793 257 1874 nea
277 1794 344 1838 non
364 1773 534 1854 snsfinn'ens
549 1803 583 1828 =
598 1778 629 1837 et
650 1793 715 1837 noa
736 1793 801 1838 non
823 1773 989 1854 sufficiens
1009 1814 1061 1840 —.

57 1894 90 1961 V
113 1896 177 1960 450

595 2012 684 2056 nana
706 1997 786 2056 acta
809 1993 920 2057 tirncre'

141 2099 222 2159 sant
243 2095 382 2159 inuenta
403 2113 499 2171 nono,
521 2093 641 2174 {laetas
663 2093 851 2174 nimiasque
867 2097 1002 2174 precari

141 2200 314 2261 uentorum
335 2195 424 2258 na'res
856 2267 857 2271 Ἰ
919 2274 921 2279 Α

141 2297 210 2364 Sed
241 2296 274 2360 h.
306 2296 330 2360 I.
358 2296 490 2376 precari
522 2295 733 2381 epexegetice
766 2295 921 2360 additum
952 2318 1023 2362 esse
1050 2296 1265 2364 substantiuc

53 2404 134 2464 nota
156 2397 248 2486 quad
270 2396 471 2479 adsensum
493 2392 586 2459 affini
609 2395 787 2460 admodum
808 2395 909 2461 facile
932 2396 1137 2462 crediderim.

54 2516 88 2583 V
112 2518 176 2581 623

503 2632 603 2693 qnam
626 2613 737 2678 lettera
761 2613 880 2697 Thetys

141 2715 251 2781 nolant
273 2713 344 2778 nlla
360 2714 438 2795 pati
459 2713 546 2779 eaelo
567 2718 717 2778 contenta
740 2717 851 2780 teneri.

142 2814 211 2881 Sed
231 2815 264 2880 h.
286 2815 310 2880 I.
333 2815 395 2879 inf.
420 2815 521 2878 tenent
543 2815 709 2880 adiectiuo
729 2820 877 2880 contenta
891 2817 1035 2901 regitur3
1051 2816 1102 2882 cfr
1116 2817 1263 2899 1112663

54 2922 133 2999 5343
156 2916 211 2982 IX
233 2919 304 2981 721.

53 3036 87 3103 V
110 3038 173 3100 792
431 3030 434 3034 ’

435 3152 501 3198 nan
522 3135 637 3197 maesti
653 3137 786 3213 pectora
808 3133 929 3216 Maeni

139 3237 281 3300 snstn'net
302 3234 454 3314 ampleaa
476 3234 576 3312 dalce‘,
599 3254 665 3297 non
687 3235 771 3298 calla
794 3240 898 3299 tenere

140 3351 289 3418 Sustinet
309 3351 450 3416 uerbum
471 3371 645 3438 perperam
667 3352 885 3437 interpretati
907 3358 996 3431 sunt,
1019 3355 1109 3440 quod
1131 3355 1162 3418 h.
1185 3355 1264 3420 lut

53 3456 253 3543 plerumque
275 3451 367 3539 apud
387 3451 562 3517 Lucanum
577 3450 750 3536 significet
765 3484 799 3508 =
814 3474 863 3517 res
878 3453 960 3518 tiber
975 3453 1046 3518 sich
1061 3455 1262 3540 gewinnem,

53 3557 116 3620 >im
150 3552 279 3619 Stande
312 3553 409 3618 sein».
452 3550 514 3618 cfr
545 3551 618 3618 VII
645 3554 705 3617 657
713 3573 722 3632 ;
748 3551 838 3618 VIII
860 3555 922 3619 230
943 3556 1025 3637 (acc.
1048 3575 1075 3620 c.
1098 3554 1188 3639 inf.);
1209 3554 1263 3619 IX

53 3658 116 3723 759
138 3676 188 3741 sq.
212 3692 253 3702 -
274 3653 327 3720 VI
350 3656 408 3719 111
432 3675 504 3741 sqq.
527 3655 630 3718 cernit
651 3653 838 3718 infinitiuos
860 3654 960 3738 regit.

139 3875 270 3960 iamque
291 3871 365 3936 illia
385 3873 492 3953 maces
513 3876 607 3953 atqae
629 3873 737 3952 manis
759 3871 924 3937 durescere
944 3872 1060 3954 pnlne's

138 3975 246 4054 coepit
267 3977 298 4036 et
319 3973 356 4036 in
378 3976 496 4037 ternam
517 3972 620 4054 Inbye
641 3974 782 4051 spissata
803 3973 919 4050 redire,

136 4077 270 4155 iamque
284 4073 405 4154 procul
425 4093 519 4138 rarae
540 4093 708 4137 nemorum
729 4093 762 4136 se
785 4073 895 4138 tollere
916 4073 1058 4154 frondes,

135 4194 272 4257 snrqere
293 4179 443 4256 eonaestc
464 4194 530 4238 nen
552 4172 640 4239 calta
661 4173 807 4253 mapalia
829 4174 945 4239 calnae.
