2850 4666
58 105 134 172 VH
146 107 219 272 (156004
224 205 362 286 fortuma
385 206 575 271 dierorum
599 211 644 272 tot
659 205 809 287 pondero
832 211 962 270 certem·

147 307 283 372 obstulit
303 309 449 389 impertis
469 307 541 388 foto
565 313 704 373 torrente
725 310 851 374 miros.

147 456 298 525 Haskins
331 461 379 525 stc
411 461 666 546 interpretatur:
700 460 781 526 »and
806 459 965 537 Fortune,
991 459 1134 543 taking
1159 460 1272 524 buta

62 561 176 626 short
206 560 302 626 time
333 565 369 625 to
402 560 592 626 overthrow
624 561 706 627 such
731 560 884 646 weighty
910 561 1090 637 interests,›
1214 556 1272 624 Ad

62 661 238 726 insolitum
254 660 350 726 uerbi
366 660 424 724 dir
438 683 537 726 nsum
551 662 760 747 probandum
775 661 876 726 affert
890 659 981 726 VIII
996 663 1056 725 672
1072 680 1120 746 sq.
1135 659 1271 723 modose-

62 783 123 841 moe
157 761 287 843 frorpit
325 781 396 825 osso
433 762 502 840 dim,
541 763 630 846 quod
662 762 850 847 exemplum
883 760 1033 826 sufficere
1065 762 1138 825 iure
1171 766 1272 846 negat

62 862 249 928 Francken.
293 860 412 928 Potius
435 863 554 929 afferre
577 863 719 928 debebat
741 863 799 926 diu
821 863 922 938 mori,
944 862 1002 925 dio
1018 862 1130 942 perire
1145 861 1218 946 (diu
1234 891 1268 916 =

62 963 269 1048 ›langsam›),
294 985 377 1049 quas
400 968 586 1029 structuras
610 963 649 1029 de
672 963 797 1029 Seneca
819 969 970 1050 sumptas
992 962 1091 1027 affert
1113 960 1270 1045 Georges.

61 1063 239 1129 Francken
266 1061 422 1128 Grotium
448 1069 509 1129 aut
534 1064 713 1129 Heinsinm
739 1069 872 1129 secutus
894 1064 979 1148 legIt
1000 1083 1138 1143 recreeris
1159 1062 1270 1146 (»Vor-

60 1183 141 1244 {rems
154 1164 173 1198 ⁸
196 1168 248 1229 est
268 1164 407 1243 librans,
430 1170 470 1230 'nt
492 1163 631 1230 Grotius
654 1166 717 1246 ait3
739 1164 891 1229 Fortuna
912 1163 1075 1249 ponderat
1097 1164 1271 1251 utriusque

60 1266 210 1349 meum).
253 1262 413 1349 Postgate
435 1266 601 1351 praeferre
623 1266 759 1330 uidetur
780 1285 889 1328 rorum
911 1268 958 1327 tot
972 1265 1118 1344 peredere
1133 1283 1272 1344 meroem·

60 1365 269 1449 (›rocking»).
313 1365 380 1431 Sed
406 1366 556 1431 codicum
582 1366 758 1431 lectionem
785 1386 892 1430 nonne
914 1366 964 1430 ita
987 1365 1160 1430 defendere
1182 1364 1271 1443 licet,

60 1472 100 1530 ut
122 1465 328 1551 explicemus
351 1465 412 1531 hoc
434 1465 624 1551 significare
646 1466 749 1530 uerba
771 1467 845 1531 illa:
869 1470 907 1530 et
928 1467 1091 1530 fortuna
1111 1465 1178 1528 diu
1198 1486 1271 1529 non

59 1571 121 1631 tot
142 1587 274 1631 rerum
295 1567 470 1651 pondera
491 1572 651 1631 uertens
670 1597 704 1622 =
723 1594 745 1630 2.
762 1616 769 1629 .
787 1617 804 1644 .,
828 1567 882 1630 die
903 1566 1002 1650 lange
1025 1565 1119 1630 nicht
1141 1588 1176 1630 so
1199 1566 1271 1630 eine

59 1666 242 1751 gewaltige
274 1666 389 1732 Macht
421 1672 572 1751 gestlirzt
604 1666 731 1732 hatto?
773 1666 898 1745 Lectio,
931 1687 1016 1754 quae
1049 1671 1100 1730 est
1131 1670 1270 1744 certem,

58 1767 218 1831 firmatur
238 1767 310 1831 loco
332 1767 475 1854 quodam
496 1767 661 1846 Lucane0,
684 1768 744 1854 qui
765 1767 854 1832 hunc
876 1767 1035 1831 nimirum
1057 1767 1221 1844 imitatur,

58 1865 155 1933 VIII
177 1871 218 1932 14

599 1968 698 2032 oemtti
721 1968 917 2034 Pborsolieo
939 1972 1044 2033 castro

147 2088 247 2149 qemm
263 2074 414 2150 peterent
435 2069 581 2133 mondum
602 2069 691 2150 foma
709 2069 869 2150 prodente
891 2070 1007 2143 ruinas,

148 2189 282 2234 occurso
303 2174 455 2250 stupuere
478 2170 572 2235 drocis
594 2171 744 2255 corripior
766 2192 869 2235 rerum

148 2271 280 2334 attoniti

53 2502 134 2571 VH
156 2507 217 2571 525

147 2606 349 2670 immemores
364 2626 500 2687 promae
522 2606 677 2687 multoque
693 2607 821 2687 pedore
844 2606 981 2671 timendi

142 2708 343 2790 praecipites
364 2705 467 2786 fecere
484 2707 613 2787 polam,
636 2707 752 2772 ciuilio
775 2707 859 2771 betto

148 2826 214 2871 nore
237 2808 314 2872 berre
336 2807 519 2872 barbaricis
540 2827 694 2888 omqoom
717 2809 890 2871 commisso
912 2809 1063 2871 cateruis.

148 2956 235 3023 Tum
261 2958 394 3023 demum
416 2964 603 3045 sequuntur
624 2980 742 3023 uersus
764 2959 826 3038 illi,
850 2959 908 3044 qui
930 2963 1009 3024 sunt
1032 2958 1175 3042 defuga
1197 2960 1271 3023 bar·

59 3061 230 3138 berorum,
252 3058 418 3144 imprimis

59 3157 136 3225 VH
157 3161 218 3225 531

147 3260 186 3323 ire
206 3279 267 3323 soa
289 3261 456 3324 commercia
472 3281 626 3342 preeeeps
646 3263 717 3326 ruit
739 3262 878 3342 oomimo
899 3261 1005 3343 fremis

62 3359 178 3440 Quare
198 3381 318 3445 parum
341 3361 499 3426 credibile
521 3367 572 3427 est
587 3364 785 3444 praecipites
803 3363 871 3426 iam
886 3384 918 3425 u.
935 3364 996 3426 526
1011 3400 1052 3408 —
1067 3366 1106 3425 ut
1120 3361 1271 3426 Haskins

63 3459 237 3524 contendit
260 3499 303 3509 -—
324 3461 514 3545 significare
536 3462 728 3549 »praecipiti
749 3464 855 3546 fuga»,
877 3467 1014 3526 »temere
1036 3461 1271 3547 celerrimeque

63 3561 248 3645 fugiendo»,
271 3583 371 3649 quam
394 3561 672 3647 significationem
694 3564 730 3626 ln
752 3562 814 3627 hoc
835 3584 895 3648 per
917 3583 951 3626 se
966 3562 1067 3626 uerbo
1082 3561 1190 3625 inesse
1205 3583 1271 3626 non

64 3659 171 3727 credo.
214 3661 288 3727 Hoc
312 3683 392 3727 uero
418 3684 539 3742 omnes,
562 3664 764 3750 quicumque
786 3662 876 3727 hunc
896 3663 1006 3727 locum
1027 3661 1272 3747 interpretandi

61 3864 65 3873 .
113 3872 115 3878 ,
148 3819 165 3877 ἵ
188 3812 303 3884 Veryere
328 3816 436 3867 uerbum
462 3818 664 3868 intransitqum
690 3817 730 3866 est
755 3817 851 3866 Lucan.
879 3816 947 3868 VIII
973 3813 1024 3867 280
1042 3853 1048 3864 .
1066 3853 1072 3865 .
1091 3853 1096 3865 .
1115 3811 1271 3881 meritisque

62 3897 213 4002 pilelas&
226 3880 355 3951 pondero
372 3884 502 3952 meryomt.
537 3885 585 3936 cfr
601 3886 672 3936 locos
689 3883 800 3935 Senecae
817 3887 843 3934 et
861 3884 971 3947 Vergili,
988 3897 1052 3947 quos
1065 3883 1141 3933 affert
1152 3883 1271 3932 Hasktns
