2850 4666
81 337 170 413 xm

455 465 529 527 spes
548 447 594 510 sit
614 443 699 509 mitt
720 448 807 508 oerta
828 442 966 509 ridendi

24 622 28 627 ,
138 547 290 614 Niliacos
310 548 433 630 fontes:
455 546 575 611 deltam
598 544 697 610 ciuile
718 544 912 625 relinquam.

27 694 30 699 '
137 681 293 751 Incertus
314 683 409 748 locus
429 686 482 748 eat
501 679 560 748 ΠΙ
582 682 644 746 324
666 700 737 768 sqq.

63 780 156 850 Ouid
178 783 249 850 Ars
272 787 373 850 amat
395 780 496 849 1141

10 874 15 945 ἐ
131 905 197 966 pcr
217 883 321 966 Stqqa
341 883 437 948 detur
457 884 530 962 iter,
554 880 690 965 Stqqias
712 880 916 946 tractabimus
936 879 1052 945 aram.

53 983 143 1052 Stat
167 984 273 1051 Theb.
295 983 336 1051 II
358 987 419 1050 242

325 1089 529 1166 mutatosque
550 1084 657 1149 uelint
678 1088 896 1149 transsumere
919 1082 1035 1161 cultus,

140 1192 173 1252 et
192 1185 310 1252 Pallas
331 1185 441 1251 deceat
457 1184 633 1266 pharetras
654 1188 685 1249 et
706 1184 809 1251 Delia
831 1185 956 1250 oristas.

142 1318 389 1386 Coniunctiuus
421 1341 461 1385 ex
493 1319 708 1384 uoluntatiuo
735 1319 807 1384 eius
834 1317 924 1383 modi
946 1340 1010 1384 usu
1032 1318 1196 1406 originem
1218 1343 1268 1389 re·

50 1427 170 1510 petere
192 1426 312 1507 potest.
354 1419 410 1487 Ex
432 1420 585 1506 optatius
606 1418 724 1484 iareah
747 1417 896 1484 deriuari
914 1440 1011 1505 posse
1030 1421 1168 1487 uidetur
1182 1421 1268 1488 coni.

50 1521 165 1608 impf.‚
187 1518 247 1608 qui
269 1520 470 1587 sententiam
493 1517 754 1586 condicionalem
775 1517 893 1586 irreali
907 1520 946 1585 ui
959 1521 1147 1607 praeditam
1161 1522 1269 1603 ualet;

50 1623 156 1688 uelut

51 1739 162 1824 Verg.
184 1737 270 1805 Aen.
292 1736 346 1804 VI
367 1740 409 1804 30

531 1843 566 1902 ta
589 1858 714 1920 qaoque
735 1858 889 1921 mapsam

139 1945 268 2020 partem
290 1960 383 2021 opere
405 1941 442 2004 ia
465 1944 564 2018 tauto,
586 1941 708 2004 sineret
730 1940 829 2020 dolor,
852 1939 946 2004 Ioare
968 1940 1109 2006 haberes,

57 2223 115 2290 IX
136 2227 198 2291 385

146 2326 266 2390 darum
287 2327 350 2390 tter
371 2324 415 2389 ad
438 2325 524 2407 leqes
539 2326 735 2406 patriaeque
756 2328 884 2391 ruentis
905 2346 1054 2393 amorem.

144 2492 368 2580 Mihiquidem
400 2493 511 2579 placet
543 2515 618 2558 cum
650 2492 847 2559 Franckeno
880 2494 970 2560 hunc
995 2516 1130 2560 uersum
1155 2517 1215 2582 per
1237 2517 1272 2563 se

61 2594 254 2660 absolutum
287 2592 456 2659 arbitrari.
506 2593 634 2660 Hosius
666 2599 801 2660 secutus
826 2595 973 2662 codicem
999 2594 1134 2682 clegit
1153 2616 1271 2676 amore,

61 2694 151 2784 quod
183 2695 324 2761 uerbum
356 2694 399 2759 ad
433 2695 606 2784 sequentia
632 2696 739 2761 uerba
765 2697 903 2760 ueniant
925 2701 958 2762 et
980 2700 1135 2778 temptent
1155 2697 1269 2763 refert.

61 2793 130 2862 Sed
162 2793 199 2859 in
231 2796 420 2861 coniunctis
452 2792 576 2874 uerbis,
610 2817 695 2883 quae
724 2800 804 2862 sunt
823 2798 956 2878 patriae
1058 2816 1165 2863 amore
1187 2803 1221 2864 et
1241 2799 1273 2863 so‘

63 2897 183 2978 quibas
208 2946 216 2962 .
239 2946 274 2962 ..
302 2897 350 2960 r're
381 2900 433 2962 sat
466 2900 522 2974 est,
548 2897 657 2962 inesse
683 2897 820 2962 uidetur
845 2896 970 2983 duplex
991 2897 1153 2985 quaedam
1173 2899 1272 2979 ratio,

62 3018 150 3084 quae
181 3019 233 3063 me
265 2996 400 3083 quidem
432 2996 547 3062 laedit.
602 2996 695 3076 Cata,
729 2998 788 3085 qui
814 2996 995 3063 stoicorum
1021 3020 1111 3064 more
1134 2999 1274 3065 breuius

61 3099 224 3186 loquitur,
251 3097 314 3163 hac
339 3097 430 3163 uult:
457 3096 594 3162 »durum
616 3098 683 3162 iter
705 3103 756 3162 est
777 3098 932 3178 eundum,
956 3100 1158 3186 quicumque
1178 3100 1272 3186 leges

60 3220 198 3266 seruare
225 3204 259 3264 et
279 3197 462 3284 pugnando
484 3199 615 3285 patriae
637 3219 783 3264 amorem
804 3205 976 3284 praestare
999 3200 1114 3265 uolet».
1157 3199 1273 3265 Minus

62 3305 142 3387 apte
164 3298 223 3365 Fr.
239 3300 371 3379 patriae
392 3300 587 3384 genetiuum
610 3299 835 3364 subiectiuum
857 3321 927 3365 csse
950 3301 1012 3378 ait3
1046 3321 1116 3366 esse
1137 3301 1275 3368 uidetur

60 3399 262 3466 obiectiuus.
318 3397 416 3480 Quod
447 3398 492 3465 ad
516 3399 718 3466 sententiam
744 3399 894 3466 conferre
918 3401 999 3467 licet
1021 3422 1096 3466 cum
1117 3400 1179 3467 hoc
1200 3401 1273 3467 loco

59 3516 102 3584 H
124 3520 185 3584 281

534 3618 621 3699 qaod
640 3619 672 3682 sc'
687 3637 751 3698 pro
775 3618 901 3700 tepidas
923 3637 1014 3683 armo

122 3802 124 3805 ι
146 3719 233 3801 ferre
255 3719 350 3783 iuuat
364 3719 490 3800 patriis
510 3717 754 3800 libertatemque
777 3720 862 3783 taere'

150 3851 267 3920 Samae
289 3853 420 3941 aliquid
441 3852 604 3919 excidisse
626 3889 667 3901 -
689 3850 825 3930 iniuria,
848 3852 944 3919 credo
965 3889 1007 3902 -
1028 3856 1134 3932 ratus,
1154 3853 1206 3919 sic
1225 3853 1273 3920 la

63 3976 186 4021 onnam
208 3954 344 4041 supplet

151 4071 270 4136 doram
291 4072 354 4136 tter
376 4072 420 4135 ad
443 4070 528 4153 teqes
552 4083 587 4144 <
606 4070 754 4150 patriam
775 4071 936 4149 accersite,
959 4071 1057 4149 ciues,

107 4189 110 4195 ’
149 4173 307 4237 atrtatem
327 4176 467 4236 ueterem
491 4184 527 4245 >
546 4172 739 4253 patriaeque
759 4173 887 4236 rueate's
909 4189 1057 4235 amorem.

149 4297 181 4344 Ν,
204 4297 381 4359 Lamdqra'rt,
400 4295 490 4344 Stadia
507 4295 631 4342 Lucumo.
1174 4289 1207 4343 14
