2836 4672
153 214 193 278 26

110 379 259 444 eiusdem
296 378 412 463 stirpis
448 378 570 462 (praec.
608 374 742 458 graeca)
774 370 964 448 contuleris,
1001 369 1084 434 duas
1117 368 1310 455 temporales

110 480 233 564 stirpes
255 475 416 543 conflatas
438 497 508 541 esse
529 475 611 540 item
633 472 818 559 apparebit.

193 578 339 644 Perfecti
360 576 554 664 primigenii
575 576 646 639 uim
668 573 734 639 sibi
755 572 927 637 uindicare
949 571 1085 636 uidetur
1107 570 1204 656 perf.
1229 568 1309 655 quod

110 684 233 745 uocant
263 678 498 765 praesentis.
552 675 625 741 Hoc
646 673 729 760 perf.
762 674 798 737 in
824 693 981 758 praesens
1007 672 1165 737 continuo
1187 676 1310 735 mutare

109 779 198 846 licet.
242 779 332 844 Huic
364 778 479 863 generi
511 775 707 842 ascribenda
732 779 812 839 sunt
833 773 999 858 imprimis
1021 771 1178 857 perfecta,
1202 770 1310 859 qualia

111 886 191 946 sunt
212 880 355 956 memini,
378 879 443 956 odi,
464 878 612 960 copcoci,
627 874 711 939 mibi
720 875 889 954 persuasu
903 873 962 938 sed
975 871 1170 936 huiusmodi
1185 891 1309 958 quoque

109 980 263 1066 exempla
284 979 403 1045 afferre
425 979 519 1043 licet:

109 1081 213 1147 1650

395 1181 531 1245 ectremc'
552 1180 727 1244 multorum
752 1183 876 1258 tempos
897 1177 935 1239 ia
956 1194 1058 1238 caum

195 1301 369 1345 conuenere
392 1281 470 1345 dica

199 1381 383 1446 conuenere
399 1413 433 1436 =
448 1403 530 1446 »una
552 1382 698 1446 adsunt».

109 1483 210 1548 1159

193 1603 288 1647 saeue
304 1602 436 1663 pareus,
459 1587 612 1664 utrosque
632 1582 732 1647 amul
749 1586 924 1662 partesque
947 1580 1113 1659 deamque,

195 1684 272 1748 dum
295 1682 439 1748 nondum
461 1704 612 1762 meruere,
634 1684 707 1765 feri.

195 1784 320 1851 Sensus
335 1816 369 1839 =
383 1784 477 1848 ›dum
500 1785 691 1850 etiamnunc
712 1784 842 1848 innoxii
864 1788 966 1847 sunt».

196 1884 307 1951 Ceteri
328 1906 441 1951 omnes
463 1885 603 1971 perfecti
619 1906 700 1949 usus
716 1884 865 1949 aoristici
880 1903 951 1948 esse
966 1881 1187 1969 mihiquidem
1202 1883 1311 1947 uiden·

110 1992 177 2052 tur.
221 1984 313 2067 Quos
335 1985 506 2071 perfecti
527 1985 716 2051 historici
738 1985 870 2049 nomine
892 1982 1067 2069 complecti
1088 1982 1199 2048 liceat.
1229 1981 1312 2048 Nam

109 2087 198 2176 quod
235 2085 318 2172 perf.
356 2085 555 2171 »logicum
592 2092 631 2151 ut
663 2107 768 2170 genus
801 2085 934 2150 omnino
967 2083 1021 2148 sui
1053 2083 1138 2147 iuris
1170 2083 1314 2169 perfecto

109 2187 269 2253 historico
291 2194 518 2272 opposuerunt
539 2187 708 2274 permulti,
731 2186 793 2252 hoc
814 2185 905 2250 haud
928 2185 995 2250 scio
1018 2206 1061 2249 an
1082 2221 1125 2231 -—
1146 2191 1262 2251 nostro
1278 2185 1314 2249 de

110 2289 234 2353 nostris
265 2287 395 2372 linguis
427 2288 552 2354 iudicio
584 2289 751 2354 tributum
784 2286 892 2353 solum
919 2325 959 2333 —
986 2307 1006 2350 a
1031 2284 1157 2350 latinae
1179 2285 1315 2371 linguae

111 2393 234 2454 natura
255 2393 289 2453 et
310 2388 347 2452 ui
368 2388 468 2474 plane
490 2389 675 2454 abhorreat.

193 2488 299 2554 Plura
320 2510 443 2573 genera
463 2487 649 2554 discernere
671 2511 857 2575 possumus.

193 2587 419 2655 Perfectum
442 2589 753 2655 consuetudinis.
798 2587 896 2670 Quod
917 2610 1021 2674 quum
1043 2609 1115 2653 sero
1137 2587 1316 2654 admodum

110 2690 200 2775 apud
236 2689 361 2754 latinos
398 2690 575 2774 scriptores
608 2711 707 2755 sensu
739 2689 884 2775 perfecto
917 2693 951 2752 et
983 2687 1135 2753 absoluto
1167 2725 1210 2736 —
1243 2689 1317 2755 dico

109 2791 317 2874 agnomicoa
340 2829 380 2838 -
403 2789 556 2855 adhiberi
577 2795 729 2875 coeptum
751 2810 821 2854 esse
843 2788 1018 2853 uideamus
1032 2788 1134 2873 idque
1149 2789 1317 2875 imprimis

111 2890 225 2976 apud*
248 2895 373 2976 poetas,
395 2911 589 2975 graecorum
611 2889 763 2975 exempla
785 2889 828 2954 ad
849 2887 938 2954 hunc
959 2911 1058 2953 usum
1076 2888 1317 2975 perficiendum

110 2989 265 3055 nonnihil
290 2991 438 3056 uoluisse
463 2990 694 3076 credipotest.
737 2989 840 3056 Recte
862 2988 946 3054 mihi
968 2990 1127 3055 uidentur
1147 2986 1317 3056 Riemann

109 3097 144 3156 et
166 3088 308 3157 Goelzer
328 3089 554 3175 (Grammaire
576 3093 747 3176 comporta
770 3090 815 3154 du
837 3089 924 3156 Grec
946 3096 979 3155 et
1002 3090 1047 3154 du
1068 3088 1172 3155 Latin
1191 3114 1223 3177 p.
1241 3095 1318 3174 277)

109 3191 181 3256 uim
202 3191 437 3276 primigeniam
460 3190 652 3277 explicasse,
675 3192 735 3278 qui
753 3191 887 3277 quidem
902 3191 1072 3257 affirmant
1086 3190 1240 3256 adhiberi
1255 3191 1318 3258 hoc

110 3297 243 3377 tempus
270 3312 369 3376 »pour
390 3293 556 3377 exprimer
577 3313 642 3356 une
664 3293 770 3358 verns
793 3292 1020 3378 d'experience
1042 3290 1233 3357 demontree
1248 3315 1319 3379 par

109 3391 158 3456 les
181 3391 285 3456 faits».
330 3390 435 3478 Saepe
457 3391 615 3458 uidelicet
636 3414 689 3457 111
711 3393 799 3470 illae,
823 3413 908 3479 quae
931 3392 1125 3457 documento
1148 3412 1219 3457 esse
1241 3415 1317 3479 pos-

111 3497 199 3569 sunt,
222 3492 423 3577 praeteritae
444 3492 659 3558 inducuntur.
704 3493 791 3558 Tum
805 3494 1001 3579 plerumque
1017 3492 1188 3557 adduntur
1202 3494 1318 3572 uerba,

109 3592 227 3680 qualia
248 3596 328 3656 sunt
348 3612 481 3673 semper,
504 3613 691 3674 numquam,
713 3613 815 3674 saepe,
839 3613 930 3657 nemo
947 3644 954 3657 .
971 3643 1003 3656 ..
1025 3612 1188 3673 umquam,
1209 3593 1317 3672 multi,

110 3712 212 3770 acmo,
239 3690 335 3772 qais?
357 3732 397 3740 —
420 3691 486 3759 Sed
507 3700 632 3780 quanto
655 3696 766 3760 minus
788 3694 898 3759 animo
921 3694 1142 3758 obuersantur
1164 3696 1318 3780 exempla

109 3813 180 3857 rem
202 3793 382 3872 firmantia,
397 3799 492 3859 tanto
508 3795 616 3878 magis
632 3796 801 3860 euanescit
816 3794 973 3859 aoristica
987 3794 1083 3857 uerbi
1097 3793 1165 3873 uis;
1180 3793 1317 3860 ualente

110 3913 146 3956 re
167 3893 250 3978 ipsa,
275 3914 360 3980 quae
382 3894 586 3972 enuntiatur,
602 3895 768 3978 generalis
783 3896 870 3960 actio
885 3893 1066 3958 inducitur.
1099 3892 1196 3975 Quod
1211 3917 1317 3980 quum

110 3993 160 4057 ita
182 3993 237 4072 sit,
259 3994 386 4082 requiri
407 4015 469 4080 par
490 4000 541 4059 est
562 4001 752 4080 praesentes
774 3995 870 4060 uerbi
891 3994 1025 4073 formas,
1047 4000 1086 4059 ut
1107 4015 1191 4081 quae
1214 4016 1316 4061 enun-

109 4098 310 4110 ——ss

196 4148 351 4199 *Catullus
378 4147 479 4213 primus
506 4148 554 4198 hoe
580 4162 658 4198 sensu
685 4150 721 4213 pl.
749 4163 889 4213 usurpasse
916 4147 1021 4210 dicitur,
1049 4148 1080 4200 da
1106 4163 1157 4213 quo
1183 4164 1232 4199 usu
1256 4150 1317 4200 uida

110 4212 219 4277 lladvlg
237 4215 285 4280 Op.
303 4216 331 4266 Π
348 4231 391 4280 pp.
409 4211 460 4266 490
477 4231 536 4280 sqq.
