2836 4672
147 166 208 231 134

104 331 183 400 isse
209 332 282 400 iure
309 334 443 412 dieitur,
470 340 510 400 ut
535 357 633 421 quem
659 335 695 401 in
718 337 798 402 aede
820 360 881 403 sua
903 359 1036 404 caesum
1058 361 1124 404 non
1147 343 1292 407 ourauer't

105 434 177 500 dea.
221 431 282 500 cfr

104 534 230 602 Lueen.
252 533 287 600 X
310 537 371 600 176

189 636 366 700 osoere's*
390 637 504 703 deuote
525 657 632 715 aenea,
656 639 804 721 quodque
827 642 940 722 arquit
962 646 1066 720 oeteo,

188 756 254 800 aea
274 736 414 817 oeqleeie
436 738 514 816 deis,

188 837 250 901 Dii
286 839 396 922 igitur
429 839 635 906 inducuntur
667 841 774 908 uitam
803 864 916 909 eorum
939 849 1122 924 seruantes,
1146 867 1223 932 quos
1242 867 1289 909 nor

105 939 293 1026 negligunt.
338 938 494 1006 Ceterum
516 941 765 1021 adlectionem,
788 965 873 1030 quae
895 949 947 1010 est
966 945 1161 1027 aepleetum,
1176 946 1288 1011 fuloioo·

105 1043 183 1108 dam
219 1039 383 1106 Heitland
417 1039 457 1106 Cl
471 1040 504 1106 R
532 1044 1287 1130 18951.15011111111Ε11101111111ο1.

105 1148 174 1208 nat
207 1141 265 1207 HI
298 1145 317 1223 ξ
351 1143 401 1219 79,
435 1141 495 1228 qui
526 1143 619 1208 loeus
646 1166 775 1210 omnem
801 1167 904 1231 prope
931 1146 1177 1213 dubitationem
1198 1147 1287 1212 tollere

105 1245 250 1309 uidetur.
294 1240 457 1309 Attamen
483 1266 549 1308 non
576 1267 711 1330 prorsus
738 1267 860 1330 negare
889 1247 993 1313 audeo
1019 1246 1173 1333 potuisse
1199 1247 1287 1312 Vestae

105 1344 246 1410 uerbum
278 1343 358 1407 deae
391 1345 493 1409 uerbo
525 1345 670 1431 proximi
702 1367 822 1412 uersus
848 1347 986 1431 glossae
1000 1347 1073 1414 loeo
1096 1349 1239 1414 additum
1256 1346 1286 1410 ir·

105 1466 219 1532 repere
241 1467 258 1510 a
281 1445 432 1529 margine
454 1446 490 1509 in
512 1445 610 1512 finem
633 1468 751 1512 uersus
773 1447 885 1513 huius.

105 1627 144 1695 Π
167 1631 227 1694 128
586 1734 736 1795 pereum
758 1716 815 1779 sed
836 1715 925 1796 fesso
946 1722 1094 1782 senectus

189 1814 363 1895 saopaiaio
385 1812 505 1892 effodit
526 1815 638 1897 119111
659 1815 866 1897 flammisque
882 1819 1039 1898 pepercit.

189 1946 375 2026 Francken,
404 1951 528 2036 quippe
551 1972 649 2036 quem
672 1955 875 2017 structuram
897 1950 1029 2016 Lucani
1052 1959 1161 2019 aetate
1182 1948 1285 2020 inauli·

105 2055 176 2115 tam
202 2049 348 2134 recipere
370 2050 496 2135 pigeat,
518 2049 699 2116 Heinsium
721 2073 759 2116 aa
781 2050 973 2118 Bentleium
989 2053 1133 2135 paulam
1154 2051 1285 2119 11111111-

105 2158 156 2217 tes
190 2148 352 2236 sequitur.
408 2148 474 2216 Sed
506 2151 542 2215 id
568 2153 664 2217 modo
692 2153 722 2217 si
744 2153 1084 2219 demonstrauerimus
1106 2151 1287 2221 tolerabilem

106 2274 176 2319 esse
208 2249 386 2316 lectionem
419 2249 579 2330 codicum,
605 2252 704 2317 leotio
728 2252 898 2318 diffieilior
919 2255 1097 2320 retinenda
1118 2254 1191 2320 erit
1229 2250 1287 2318 Pro·

104 2354 253 2419 bandum
275 2351 383 2436 igitur
399 2351 550 2438 primum
573 2354 668 2418 nobis
691 2363 742 2419 est
763 2375 861 2419 usum
883 2354 979 2419 uerbi
992 2375 1141 2436 pereum
1161 2355 1288 2420 substan·

105 2455 216 2519 tinum
248 2454 403 2537 ignotum
435 2454 572 2519 Lucano
605 2475 669 2517 non
704 2475 784 2520 esse.
840 2453 968 2520 Afferri
994 2461 1138 2542 possunt
1163 2455 1225 2521 duo
1243 2449 1290 2517 looi

105 2553 268 2620 Luoanei:

105 2654 162 2722 IV
180 2657 242 2720 374

191 2756 337 2820 luxuries
358 2776 537 2837 numquam
552 2777 662 2837 parere
686 2761 834 2822 contento
858 2757 975 2820 creetis

106 2856 159 2924 IV
181 2860 240 2922 377

192 2959 315 3036 discite,
338 2978 438 3040 quem
454 2978 564 3039 pareo
588 2959 685 3022 liceat
701 2959 884 3038 producere
906 2959 1023 3037 uitem,

191 3058 322 3138 Restat,
360 3065 400 3124 ut
432 3059 694 3125 demonstremus
728 3059 896 3125 adieetiua
928 3058 1045 3146 qualia
1078 3067 1159 3127 sunt
1185 3072 1294 3142 paruos

105 3160 300 3246 (minimus),
324 3160 461 3242 eatpous
483 3182 503 3226 a
524 3159 660 3226 Luoano
683 3183 759 3226 eum
781 3160 1005 3226 substantiuis
1028 3163 1253 3228 materialibus
1270 3159 1294 3220 et

107 3261 244 3348 quidem
265 3282 341 3325 eum
362 3261 518 3345 genetiuo
540 3260 704 3346 partitiuo
724 3261 842 3326 horum
862 3262 1035 3326 nominum
1051 3262 1219 3347 coniungi.
1245 3254 1294 3326 His

106 3368 184 3428 utor
206 3360 467 3447 exemplaribus:

193 3466 221 3527 1.
264 3461 436 3544 Eaequas:

192 3564 226 3648 a)
248 3564 384 3646 eeipuus
404 3564 557 3645 seripula
579 3563 628 3628 ofr

107 3665 201 3731 ixa

192 3786 249 3831 aee
272 3767 357 3830 einis
379 3766 517 3848 eriperes
539 3770 667 3829 tentam
690 3766 887 3846 compescuit
909 3765 1059 3829 umbram

107 3866 206 3934 Ouid.
234 3867 369 3933 Metam.
397 3865 469 3933 VII
496 3868 556 3931 315
585 3917 641 3932 ...
665 3867 781 3948 eatque
803 3866 990 3929 maculauit
1011 3866 1170 3949 sanquine
1191 3865 1299 3944 ferram

108 3969 158 4033 ofr
179 3968 260 4034 Luc.
283 3967 337 4034 IV
359 3969 399 4033 95
415 3990 462 4054 sq.
486 3969 637 4050 expuam
663 3967 818 4032 Cererem.

193 4127 208 4158 *
225 4124 302 4174 Hune
320 4123 474 4174 Scaeuolam
492 4121 642 4185 pontificem
660 4122 804 4172 maximum
816 4120 901 4171 fuisse
912 4123 1027 4179 oouatot;
1045 4120 1116 4184 quod
1127 4136 1208 4185 quum
1221 4115 1300 4172 iuuit

109 4190 141 4242 de
158 4189 286 4242 Soaeuola
297 4189 365 4240 idem
377 4191 465 4239 ualere
477 4187 575 4250 debuit,
588 4189 657 4252 quod
669 4189 700 4239 de
711 4188 809 4239 Aeorao
822 4188 847 4238 X
857 4185 906 4238 176
917 4187 987 4238 dixit
999 4187 1096 4239 caesa
1107 4203 1153 4253 par
1165 4184 1299 4240 nouas
