2836 4672
148 170 170 234 6

191 334 335 399 Ramaui
356 354 470 399 seusus
485 334 614 414 populi,
654 385 997 399 .........

193 541 269 600 tuuc
294 535 438 600 Orientis
460 555 534 614 apes
556 540 785 615 captarumque
807 536 925 600 ultima
946 555 1060 616 requm

192 655 273 716 quae
295 635 508 715 Pompeianis
523 635 676 715 praelata
698 641 745 700 est
766 655 848 717 quea
871 635 1056 715 triumphis,

192 738 352 818 eqeritur;
374 737 462 800 tristi
483 736 671 816 spatiautur
693 736 812 816 tempta
834 738 963 816 rapina,

186 838 430 918 pauperiorque
450 836 518 917 fuit
540 842 616 901 tuuc
631 839 780 916 primum
806 835 942 901 Caesare
964 837 1080 902 Roma.

192 934 286 1017 Quae
319 958 423 1024 quum
455 937 505 1001 ita
538 937 616 1015 sint,
650 936 840 1002 mirandum
866 958 932 1001 nan
954 942 1007 1002 est
1027 938 1214 1023 perfectum
1235 959 1320 1003 non·

107 1059 292 1125 numquam
315 1035 505 1122 significare
527 1057 671 1115 causam,
694 1057 852 1122 praesens
875 1035 911 1102 id
930 1037 1020 1124 quod
1034 1057 1070 1102 re
1086 1037 1323 1126 consequitur3

107 1138 203 1203 uelut

106 1235 208 1304 1569

192 1343 270 1401 tuae
291 1339 407 1419 fraqar
428 1357 593 1402 armorum
616 1357 815 1420 maquaeque
831 1358 895 1418 per
916 1341 994 1403 auia
1015 1359 1109 1404 uoces

191 1437 325 1503 auditae
348 1459 516 1503 aemorum
538 1443 569 1502 et
589 1439 756 1503 aeuieutes
778 1441 959 1504 commum
979 1442 1123 1517 umbrae,

192 1539 311 1620 quique
333 1537 445 1604 eatuut
467 1540 596 1604 iuuetas
618 1541 768 1604 extremis
789 1540 958 1604 maeuibus
979 1560 1087 1621 apros,
1213 1558 1216 1565 ’

191 1640 384 1720 diffuqiuat.

106 1737 164 1806 III
188 1744 246 1805 711

191 1840 312 1922 plaude
328 1845 444 1921 pateus
464 1840 572 1905 salide
595 1841 697 1922 frequ
717 1860 799 1905 aaua
822 1845 966 1922 tempora
982 1842 1128 1922 plumbo.

191 1940 330 2006 Sedibus
351 1941 491 2021 euputsi,
506 1945 683 2022 postquam
706 1961 803 2006 cruor
825 1945 936 2008 amaia
956 1945 1048 2023 rupit

191 2041 336 2121 macuta,
353 2047 557 2121 procurrunt
579 2041 675 2120 acuti,
697 2047 763 2106 stat
786 2042 908 2107 iumiue
931 2049 1024 2123 rapto

190 2144 351 2208 attam'tus
372 2144 550 2224 martisque
572 2142 651 2207 dtas
666 2148 767 2222 putat
787 2163 854 2208 esse
877 2145 1031 2208 teuebras.

192 2344 342 2410 dissiluit
362 2347 529 2427 striuqeus
550 2351 678 2410 uterum
701 2346 896 2424 ueerubraua
920 2345 1090 2427 duuatque

192 2465 320 2510 uiscera

190 2544 349 2612 Conferre
370 2547 450 2611 lieet
471 2544 524 2612 IX
547 2549 608 2613 790
630 2568 712 2634 sqq„
734 2549 796 2614 816
817 2569 886 2634 sqq.
902 2548 962 2613 ubi
977 2548 1017 2612 de
1032 2552 1138 2614 modae
1152 2549 1320 2632 anguium

108 2667 220 2713 morsu
253 2646 359 2712 allata
386 2646 509 2730 agitur.
552 2645 713 2712 quersee
739 2648 830 2712 aises
857 2653 945 2725 mant,
968 2669 1028 2713 nea
1048 2653 1161 2712 tamen
1182 2652 1319 2729 umere„

106 2752 147 2812 ut
168 2747 312 2826 uidetur,

107 2847 209 2915 1394

550 2967 681 3030 sparsas
697 2969 760 3030 per
780 2968 860 3012 rura
881 2947 1025 3014 66666666

192 3054 304 3115 euocat
325 3054 356 3113 et
375 3048 515 3114 Romam
537 3051 636 3114 matis
651 3051 738 3130 petit
759 3049 905 3131 audique
925 3050 1043 3131 siquis.

191 3152 358 3216 deseruere
389 3201 396 3216 .
431 3201 438 3216 .
473 3201 481 3216 .
516 3201 523 3216 .
556 3150 724 3232 tiqueruut
755 3202 763 3216 .
798 3202 804 3216 .
840 3203 847 3215 .

106 3250 248 3318 111666

191 3353 296 3433 impia
318 3351 414 3417 turba
435 3373 533 3433 super
555 3354 680 3418 medias
700 3354 780 3434 ferit
801 3374 875 3418 ease
899 3353 1050 3418 lacertas:

193 3451 342 3518 trauaida
366 3453 549 3534 tiuqueutes
575 3453 680 3519 Graia
696 3455 878 3535 peudeutia
894 3475 1006 3535 puppe

191 3574 211 3617 a
233 3553 385 3620 uiuus
406 3555 547 3620 recidere
568 3556 648 3619 suis.

107 3653 159 3721 IV
182 3657 243 3720 235

551 3759 599 3822 sia
620 3757 713 3837 fatur
735 3762 765 3821 et
787 3759 894 3822 aueua's

193 3860 355 3922 eoueussit
377 3862 498 3922 meutes
519 3858 738 3939 scelerumque
758 3859 892 3923 reduuit
913 3876 1063 3921 amarem.

193 3956 291 4040 Quod
314 3958 353 4024 de
375 3958 493 4024 horum
513 3964 699 4045 temporum
714 3960 750 4023 in
765 3958 920 4024 Lucaneo
935 3978 1032 4044 opere
1047 3959 1136 4022 inter
1151 3977 1186 4022 se
1200 3956 1318 4021 ordine

110 4065 143 4124 et
165 4059 352 4125 uariatione
375 4058 558 4126 affirmauit
579 4058 771 4125 Obermsier
792 4060 828 4144 (l.
851 4061 874 4123 l.
897 4081 928 4144 p.
953 4059 1016 4142 75),
1039 4058 1126 4123 siin
1148 4056 1316 4122 narrando

110 4183 144 4228 se
167 4161 337 4245 excipiant
357 4161 440 4246 perf.
464 4167 498 4227 et
518 4181 625 4249 praes.
649 4160 738 4238 hist„
761 4161 865 4245 uulgo
887 4159 1120 4246 praecedere
1134 4155 1240 4243 perf„
1256 4157 1316 4221 uix
