2850 4666
64 329 100 394 X
124 332 185 396 155
207 333 272 416 (ex.
294 330 409 416 paullo
432 330 607 412 incertius)

153 431 302 512 infudere
324 429 439 509 epulas
461 449 554 508 auro,
577 429 663 512 quod
685 433 783 507 terra,
806 428 893 511 quod
914 448 978 506 aer,

152 531 239 612 quod
253 531 395 613 pelanus
416 529 582 611 Nilusque
605 530 704 608 dedit,
727 529 813 612 quod
836 529 933 593 bueus
953 529 1052 592 inani

153 632 329 697 ambitione
350 632 465 713 furens
487 634 550 694 toto
573 630 739 711 quaesiuit
759 631 797 694 in
819 630 892 695 orbe

64 748 100 815 X
122 752 183 814 161

151 868 297 930 enoepere
319 869 452 929 merum,
475 849 622 915 sednon
644 848 850 914 Mareotidos
870 869 966 927 uuae,

150 950 258 1015 nobile
279 950 336 1014 sed
352 951 475 1031 paneis
495 950 623 1014 senium
646 950 700 1014 eui
722 948 860 1014 eontulit
881 949 980 1013 annis

149 1051 348 1115 indomitum
369 1050 483 1115 Meroe
506 1069 622 1133 ooaens
643 1054 793 1131 spumare
816 1049 1006 1116 Falernum.

62 1167 99 1232 X
121 1170 184 1234 165

602 1270 800 1351 multumque
822 1268 966 1333 madenti

148 1369 299 1450 infudere
322 1390 441 1448 comae,
464 1372 550 1452 quod
571 1371 716 1436 nondum
738 1370 876 1435 euanuit
898 1388 991 1448 aura,

150 1470 335 1549 cinnamon,
359 1476 491 1538 externa
513 1492 571 1538 neo
588 1471 739 1552 perdidit
760 1491 842 1535 aera
864 1475 950 1534 terra

148 1584 218 1653 Ubi
249 1589 285 1652 in
319 1590 487 1654 sententia
517 1590 680 1675 primaria
712 1590 859 1676 positum
892 1593 943 1653 est
974 1608 1081 1674 prees.
1114 1586 1204 1665 hist„
1235 1586 1272 1649 in

63 1688 238 1753 enuntiato
273 1689 417 1754 relebiuo
449 1689 579 1777 plqpf.*
613 1690 766 1755 adhiberi
799 1689 891 1755 solet.
945 1687 1104 1754 Lucanus
1136 1687 1271 1772 saepius

63 1785 148 1871 perf.
171 1787 281 1854 hebet.
325 1789 378 1855 De
400 1812 465 1877 quo
487 1812 552 1854 usu
573 1790 652 1855 uide
674 1789 775 1856 Blese
798 1788 946 1856 Gramm.
963 1812 996 1875 p.
1012 1790 1088 1869 1703
1104 1786 1271 1853 Samuele-

64 1908 124 1951 son
145 1887 168 1952 l.
190 1887 213 1955 l.
236 1911 269 1975 p.
292 1892 311 1954 9
335 1891 453 1956 attulit
474 1890 587 1957 valer.
610 1889 721 1957 Fleuo.
744 1890 873 1976 Argon.
896 1889 934 1955 Π
956 1891 1018 1954 410
1040 1910 1088 1976 sq.

147 2002 303 2072 Lucanos
325 2008 477 2094 exempla
498 2007 579 2074 haee
600 2009 766 2095 imprimis
789 2013 881 2074 sunt:

61 2120 165 2188 1485

465 2226 618 2308 nulloque
640 2233 769 2293 auetore
791 2228 960 2306 urniorum,

147 2345 228 2405 quae
252 2327 384 2407 finxere,
408 2329 531 2394 timent.

63 2423 120 2490 ΙΙΙ
143 2428 203 2491 603

146 2549 238 2608 stant
259 2546 382 2627 nemini
403 2546 534 2627 fratres,
556 2548 716 2628 fecundae
739 2550 850 2630 ylario
871 2551 999 2629 matris,

147 2664 226 2725 quos
248 2647 358 2711 eadem
380 2648 487 2712 uariis
508 2654 691 2731 aenuerunt
711 2650 840 2715 uiscera
861 2651 942 2732 fatis

60 2760 177 2828 VI80

146 2863 255 2929 maior
277 2886 359 2930 eura
381 2865 477 2931 duees
498 2868 675 2931 miscendis
698 2867 860 2935 abstrahit
882 2870 1001 2933 armis:

145 2962 337 3045 Pompeium
360 2965 536 3031 exhaustae
551 2968 745 3048 praebenda
768 2969 813 3032 ad
834 2972 989 3051 oramina
1011 2975 1123 3047 terroe,

146 3086 229 3146 quae
252 3085 386 3132 currens
407 3067 543 3133 obtriuit
565 3088 660 3149 eques
682 3070 904 3153 arabibusque
927 3071 1040 3135 sitatis

145 3167 271 3248 unaulo
292 3167 496 3248 frondentem
519 3169 675 3234 discussit
696 3190 814 3235 eornea
836 3191 996 3251 eampum.

57 3283 110 3348 VI
134 3286 196 3349 670

144 3383 205 3449 bue
228 3386 391 3467 quidquid
410 3387 479 3467 fetu
501 3389 617 3469 yenuit
638 3393 757 3454 natura
778 3390 925 3469 sinistro,

144 3486 304 3552 miscetur.

144 3678 159 3706 *
176 3673 219 3724 Aa
236 3676 300 3726 uim
316 3677 632 3743 plusquamperiesti
649 3694 709 3731 raro
727 3679 830 3731 aceedit
847 3682 946 3745 impf.;
965 3682 1005 3732 sir

56 3754 165 3808 1v330

142 3826 307 3959 affigant
323 3823 435 3892 imbres,
453 3843 573 3895 quorum
590 3828 670 3883 modo
687 3832 790 3884 cuneta
806 3829 951 3885 natabant

55 3975 95 4026 VI
113 3973 252 4095 Micam
269 4042 333 4096 m'ro
350 4060 466 4110 nomem·
484 4048 643 4100 castrorum
661 4046 693 4100 in
706 4046 786 4116 plebe
803 4048 926 4102 merebat

142 4112 208 4163 ante
221 4107 307 4178 seras
323 4109 458 4166 Rhodani
474 4116 587 4182 sentem·
603 4112 645 4167 ibi
662 4115 803 4183 sanquine
821 4115 910 4169 multo

137 4179 282 4243 praenotus
298 4175 415 4232 Latiam
434 4178 513 4249 lonae
528 4180 603 4248 yerit
620 4179 717 4235 ordine
735 4181 824 4236 uitem
