2836 4672
147 173 210 236 144

105 336 166 403 Sil.
188 338 267 403 Ital.
290 336 375 402 Pun.
398 334 485 403 XIV
509 340 547 413 67
570 338 625 422 (de
647 336 761 402 Aetna
782 342 893 402 monte
916 337 1045 424 agitur)

707 442 900 520 aeternoque
923 439 1032 522 ripere

188 538 341 602 ardentes
362 538 493 602 torrent
514 537 648 619 scopuli,
671 542 739 602 stat
761 540 881 604 uertice
904 539 982 604 celsi

187 639 280 703 collis
302 639 413 704 tienne.

187 789 302 878 Atque
325 790 496 854 nrnbrosus
518 811 628 855 uocem
645 790 685 854 de
701 789 881 856 altitudine
898 792 1021 857 montis
1037 792 1126 856 nihil
1140 791 1284 858 detrahere

104 897 245 977 apparet
267 913 307 956 ex
329 891 412 957 locis
435 891 551 977 quales
574 897 654 955 eunt

105 1022 167 1089 Sil.
189 1024 268 1090 Ital.
292 1025 377 1090 Pan.
401 1023 452 1090 IV
475 1028 535 1090 741

790 1144 916 1191 rurnrno

182 1226 368 1307 piniferum
391 1226 480 1290 cneio
503 1226 641 1290 nniseens
663 1231 762 1305 capnt
784 1226 1006 1306 Appenninus

104 1342 166 1410 Sil.
190 1344 268 1409 Ital.
290 1344 375 1407 Pnn.
398 1342 466 1409 XV
489 1347 549 1408 174
570 1343 644 1427 (ubi
666 1342 760 1407 collis
782 1366 848 1409 uox
870 1343 1062 1429 inuenitur)

482 1463 651 1508 nemoroso
673 1445 792 1508 uertice
814 1443 917 1508 celsus

189 1550 326 1626 apparet
349 1545 451 1623 colite,
473 1543 670 1626 fnpinntque
691 1545 729 1608 in
751 1544 867 1609 nubila
889 1546 997 1631 siluae

188 1644 331 1728 Pyrenes

104 1763 186 1829 ibid.
209 1761 315 1828 XVII
338 1764 399 1827 640

187 1880 444 1962 frondosumque
467 1881 593 1960 npieenr
615 1880 767 1963 snbipens
790 1881 835 1944 nd
856 1881 970 1946 sidera
992 1887 1101 1946 innter

189 1980 347 2048 bellornrn
369 1982 443 2061 feru
465 1981 593 2066 Pyrene

188 2132 429 2220 Interpretatio
454 2153 535 2197 uero
560 2132 781 2198 Demeteiana
802 2133 876 2198 ideo
898 2133 1121 2220 improbanda
1143 2128 1290 2220 estquod

104 2233 166 2299 illa
188 2232 333 2299 efficitur
355 2233 557 2298 dissolutum
580 2254 660 2299 sane
683 2234 804 2298 durum
827 2238 860 2298 et
881 2256 947 2321 quo
971 2234 1171 2320 diligentius
1190 2234 1224 2299 in
1237 2253 1291 2298 sen·

105 2356 179 2424 sum
202 2335 274 2399 eius
297 2335 586 2420 interpretationis
609 2333 645 2399 ui
668 2339 701 2399 et
723 2339 795 2399 arte
809 2334 978 2401 rhetorica
992 2358 1131 2422 prorsus
1147 2339 1293 2401 carentem

104 2435 334 2523 inquisiuerie‚
362 2455 398 2500 eo
426 2434 534 2519 magis
561 2433 784 2500 intolerabile.
827 2433 969 2501 Accedit
995 2458 1084 2516 uero,
1112 2437 1201 2523 quod
1219 2439 1295 2500 totas

105 2535 160 2601 hic
191 2537 283 2602 locus
317 2535 357 2600 de
384 2534 506 2600 Italiae
533 2533 703 2600 montibus
726 2540 760 2601 et
781 2534 898 2601 fluuiis
921 2537 1068 2623 scriptus
1090 2558 1235 2602 summae
1254 2555 1295 2600 ex·

105 2636 334 2722 aggerationie
365 2637 511 2723 speciem
544 2657 624 2721 prae
657 2657 693 2701 se
726 2637 803 2715 fert,
830 2658 895 2724 quo
921 2636 969 2717 fit,
997 2642 1037 2702 ut
1058 2637 1296 2703 Damsteianan

105 2758 249 2817 sensum,
282 2738 312 2803 ei
345 2759 421 2802 cnm
454 2735 672 2822 sequentibus
698 2737 854 2802 uersibus
881 2737 1072 2816 contuleris,
1095 2738 1185 2803 nihil
1206 2733 1297 2821 magis

105 2837 239 2922 frigeat.

189 2938 256 3004 Sed
289 2939 331 3003 ad
363 2938 547 3014 lectionem,
581 2960 683 3025 quam
710 2939 855 3025 amplexi
882 2960 1007 3017 sumus,
1029 2940 1208 3006 tutandam
1229 2935 1297 3004 eatis

106 3037 170 3104 erit
196 3061 326 3103 monere
352 3038 499 3103 Eridani
524 3036 624 3104 fluuii
651 3037 907 3126 descriptionem
930 3040 1046 3105 induci
1069 3040 1239 3106 enuntiato
1258 3056 1295 3101 rc·

104 3140 212 3204 latino
234 3140 332 3225 plane
356 3138 475 3203 simili:

207 3293 331 3354 qnoque
374 3275 481 3355 irrepis
522 3292 555 3337 se
577 3273 679 3338 soluit
728 3274 822 3338 tellus
864 3274 994 3337 nullutn
1016 3275 1054 3337 in
1077 3295 1202 3341 ornnem

207 3394 269 3454 quo
374 3374 477 3438 altine
522 3375 681 3438 inturnnit
725 3375 821 3439 tellus
864 3374 955 3439 nullo
978 3376 1100 3441 uertice

190 3523 371 3590 Simillimo
394 3525 489 3590 modo
511 3525 727 3591 continuatur
749 3526 942 3612 descriptio:
965 3546 1058 3590 rnons
1076 3547 1109 3591 n.
1130 3529 1204 3607 3993
1226 3525 1295 3588 bunc

105 3626 325 3706 ίὶ...111’111
350 3629 477 3692 11410.
522 3624 677 3691 Ceterum
699 3648 814 3691 moneo
835 3626 944 3712 poetis
966 3625 1102 3693 Latinis
1124 3627 1161 3693 in
1183 3623 1294 3692 deliciis

104 3726 211 3793 fuisse
231 3728 335 3792 talem
357 3727 479 3792 montis
502 3728 573 3792 eius
596 3726 808 3792 describendi
829 3725 1008 3808 rationem3
1035 3727 1085 3792 cfr
1108 3729 1144 3792 in
1165 3725 1294 3794 transitu

105 3826 233 3893 dictum

105 3960 166 4026 Sil.
188 3961 266 4027 Ital.
289 3961 375 4025 Pun.
398 3960 436 4024 H
458 3962 520 4026 314

188 4062 332 4143 Alpibus
355 4066 531 4142 neqnutnrn
554 4062 707 4128 attollens
730 4067 828 4142 eaput
850 4063 1079 4142 Appenninus
