2836 4672
211 193 272 257 122

168 357 347 424 refutatur.
401 355 531 422 Deinde
564 355 754 422 Francken:
787 354 964 421 Gaesarem
995 376 1072 420 cum
1100 354 1259 422 irrisione
1278 355 1369 421 Pom·

168 458 282 546 poium
308 458 422 524 iubare
445 457 561 522 ducem
582 456 742 535 indicare,
766 457 827 521 sub
851 477 916 542 quo
939 455 1048 521 uictor
1070 456 1239 522 exercitus
1261 450 1370 522 trium·

169 559 278 646 phans
293 556 424 624 moenia
438 558 551 623 intret.
581 556 661 621 Noc
681 576 753 621 eom
769 558 850 620 duee
865 562 898 622 et
914 557 958 622 ad
972 558 1148 642 uulgatam
1164 562 1198 622 et
1213 557 1259 622 ad
1273 578 1369 623 emen·

169 660 285 725 datam
305 659 480 724 lectionem
502 658 575 742 (sub
599 678 661 738 qao
677 658 766 722 tabet
779 658 857 743 iste)
872 658 958 724 male
972 658 1148 744 quadrare.
1179 656 1370 724 Concessiua

169 782 240 826 esse
262 759 445 824 reddantur
458 762 492 823 et
508 759 696 840 triumphet,
713 759 892 846 apodoseos
907 756 1040 824 uicibus
1055 758 1154 844 fungi
1170 757 1314 839 conferet
1326 807 1334 824 .
1344 807 1368 823 ..

168 859 288 942 foscia?
302 892 336 915 =
351 865 402 925 »at
422 859 459 925 P.
475 881 556 925 rura
571 859 651 925 dare
666 881 732 925 non
746 864 880 946 potest».
909 858 983 925 Hoc
997 881 1173 946 perperam
1188 858 1368 939 Francken

169 983 248 1026 nam
274 961 390 1025 saltem
416 961 557 1027 uerbum
580 961 727 1026 ostendit
748 959 931 1026 reddentur
952 965 987 1025 et
1009 960 1188 1041 triumphet
1209 960 1368 1026 hortatiua

170 1083 251 1128 esse.
302 1060 342 1126 st·
374 1081 494 1127 merces
520 1067 631 1141 erepta
732 1066 781 1126 est
806 1061 997 1128 concessiua
1018 1062 1188 1127 sententia
1210 1066 1277 1142 est;
1302 1082 1366 1128 cun

169 1183 239 1249 qua
260 1162 405 1227 conferri
425 1167 537 1249 potest
557 1163 650 1228 locus
672 1184 760 1227 unns
782 1161 986 1241 simillimus,
1008 1161 1103 1229 VIII
1126 1164 1187 1228 837
1211 1185 1283 1250 sqq.

487 1329 684 1345 .......
716 1281 747 1344 st
768 1280 900 1345 saecuto
916 1280 1029 1360 primo

255 1380 392 1445 uictoris
414 1382 549 1446 timuere
571 1382 690 1460 minas,
713 1401 801 1445 nanc
823 1381 935 1462 excipe
956 1379 1073 1445 saltem

255 1500 328 1545 ossa
350 1482 400 1544 tot
422 1482 554 1564 Mapnt,

254 1611 313 1680 Ad
334 1615 484 1682 codicum
505 1617 681 1683 lectionem
701 1617 934 1703 explicandam
949 1621 1171 1682 transeamus.
1207 1616 1309 1682 Totus
1322 1613 1365 1680 hio

171 1715 264 1781 loeus
291 1715 517 1803 captationem
538 1718 789 1784 beneuolentiae
811 1716 959 1782 ostendit
979 1715 1206 1803 conspicuam;
1240 1715 1365 1799 quotibet

170 1816 273 1882 uerbo
305 1817 361 1883 uel
393 1817 536 1883 maxime
569 1817 738 1883 indicatur
772 1816 909 1883 Caesari
943 1810 1107 1883 summam
1140 1840 1212 1884 esse
1239 1818 1317 1896 noti,
1334 1821 1365 1880 ut

170 1916 382 2004 triumphent
407 1919 543 1997 milites,
571 1919 641 1984 dux
667 1918 795 1984 nullius
822 1917 964 2003 fingitur
990 1920 1159 1998 momenti,
1189 1941 1255 2006 quo
1276 1919 1365 1984 maior
1390 1966 1412 1986 ..

172 2017 226 2082 uis
259 2018 394 2084 accedat
426 2019 603 2085 militibus.
652 2018 740 2085 Tum
766 2040 846 2085 uero
873 2019 1017 2084 lectione
1038 2041 1125 2108 quae
1148 2025 1200 2086 est
1221 2039 1288 2084 noa
1307 2036 1366 2084 cam

171 2118 252 2184 duee
285 2120 372 2185 nihil
405 2119 580 2185 efficacius.
628 2120 826 2185 Inauditum
853 2142 932 2185 sane
958 2125 1031 2186 erat
1053 2120 1171 2186 ducem
1193 2143 1260 2186 non
1281 2118 1368 2186 simul

171 2242 247 2286 cum
280 2221 429 2286 exercitu
460 2220 687 2307 triumphanti
718 2220 835 2286 urbem
867 2222 1016 2287 introire.
1059 2219 1139 2285 Due
1157 2253 1193 2277 =
1212 2223 1265 2301 ›is‚
1287 2221 1367 2287 ouius

173 2322 333 2408 auspiciis
355 2322 481 2386 milites
502 2326 760 2408 reportauerunt
780 2322 950 2400 uictorias,
966 2343 984 2386 e
999 2322 1122 2408 quibus
1137 2319 1368 2410 triumphaturi

56 2431 59 2439 '
172 2427 275 2488 sunt».
330 2420 404 2487 Hac
435 2422 544 2506 igitur
574 2422 716 2487 lectione
748 2424 984 2487 conuenienter
1009 2422 1178 2488 militibus
1206 2424 1261 2488 uis
1282 2442 1369 2510 quan

172 2524 320 2587 maxima
342 2522 488 2588 addItur.

171 2723 190 2788 I
212 2725 274 2791 372

256 2827 351 2890 iussa
371 2827 465 2907 sequi
488 2831 555 2891 tom
571 2845 671 2908 posse
693 2826 776 2890 mitt
798 2846 897 2908 qoam
921 2825 1005 2890 celle
1026 2845 1152 2891 neeesse
1176 2832 1235 2893 est.

257 2975 360 3041 Multi
387 2977 456 3042 uiri
482 2977 572 3043 docti
599 2976 812 3044 offenderunt
832 2978 868 3040 in
890 2977 1047 3042 iunctura
1068 2976 1131 3041 illa
1152 2999 1213 3063 per
1236 2982 1304 3042 tam

173 3096 287 3164 qoam
320 3098 357 3142 ac
383 3077 527 3164 Bentley
550 3079 684 3165 quidem
706 3079 829 3144 conicit
851 3097 946 3160 quom
971 3127 1028 3143 ...
1052 3082 1127 3156 tom,
1152 3079 1204 3143 ita
1225 3080 1376 3144 nimirum

173 3177 433 3244 tolerabiliorem
456 3179 596 3244 euadere
619 3201 751 3244 sensum
766 3185 871 3244 ratus.
900 3177 1076 3245 Francken
1091 3180 1219 3265 recepit
1233 3180 1376 3246 emenda-

173 3281 298 3345 tionem
320 3277 474 3359 Withofi,
497 3279 623 3343 tonat*
645 3303 705 3367 pro
728 3280 819 3344 meet.
863 3277 1047 3345 Heitlando
1069 3265 1202 3367 quoquc
1224 3280 1280 3346 hic
1294 3282 1378 3346 locus

173 3385 347 3467 suspectus
370 3384 421 3446 est
442 3378 542 3459 (01ss
563 3381 618 3446 XI
641 3384 657 3446 l
681 3381 786 3463 fasc).
829 3379 918 3445 Mihi
937 3380 1072 3466 quidem
1088 3381 1201 3445 omnia
1217 3403 1302 3448 sana
1316 3401 1379 3447 esse

172 3503 269 3568 posse
291 3481 458 3546 uidentur.
503 3482 603 3547 Iussa
625 3482 716 3563 sequi
738 3481 820 3546 nette
839 3513 872 3536 =
891 3481 994 3546 »dicto
1016 3482 1214 3567 imperatori
1233 3481 1380 3549 audienti

173 3603 272 3664 esse›;
296 3582 388 3647 tasso
409 3584 503 3664 sequi
518 3603 619 3662 posse
637 3615 672 3638 =
690 3583 816 3648 »hostes
839 3588 873 3648 et
895 3581 1109 3647 difficultates
1125 3582 1300 3669 quaelibet
1313 3583 1379 3648 uin·

173 3704 269 3750 cere».
318 3683 404 3751 Tota
436 3685 517 3750 haeo
550 3685 671 3750 militis
697 3684 849 3750 ueterani
876 3684 982 3749 oratio
1008 3681 1108 3747 ualde
1130 3681 1300 3749 rhetorica
1321 3686 1379 3761 est3

173 3783 229 3849 hic
261 3786 357 3851 miles
389 3785 448 3850 ille
481 3784 525 3850 ad
550 3787 621 3850 uim
647 3786 834 3862 uerborum,
857 3805 942 3870 quas
965 3787 1044 3849 sunt
1065 3784 1112 3866 (u.
1135 3783 1213 3866 362)
1235 3784 1380 3849 decretae

175 3885 236 3949 tibi
257 3886 381 3964 fiducia
403 3885 533 3952 nostri?
559 3887 797 3952 intendendam
824 3886 971 3951 ostendit
992 3884 1118 3950 milites
1140 3885 1264 3964 omnia,
1288 3904 1380 3972 quac·

258 4078 273 4108 ⁴
293 4074 329 4124 lis
356 4076 468 4126 fortasse
494 4073 628 4139 obuersati
649 4077 712 4125 sunt
733 4075 786 4125 loci
806 4074 897 4139 quales
916 4073 953 4124 VI
970 4068 1022 4122 494
1039 4087 1077 4136 sq.
1097 4085 1263 4139 ...parere
1280 4083 1380 4125 aeoem

173 4140 414 4274 ztpeoapppot?
448 4142 515 4193 Stat.
540 4143 607 4192 suu.
632 4143 660 4192 11
677 4155 688 4194 r
704 4139 738 4193 87
756 4156 794 4205 sq.
818 4179 863 4191 ...
881 4141 965 4193 catos
979 4137 1111 4207 patuisse
1127 4153 1236 4192 aecem
1253 4141 1303 4200 eet,
1316 4139 1321 4205 Ι
1334 4135 1380 4191 etc
