<?xml version="1.0" encoding="UTF-8"?>
<!DOCTYPE html PUBLIC "-//W3C//DTD XHTML 1.0 Transitional//EN"
    "http://www.w3.org/TR/xhtml1/DTD/xhtml1-transitional.dtd">
<html xmlns="http://www.w3.org/1999/xhtml" xml:lang="en" lang="en">
 <head>
  <title>
</title>
<meta http-equiv="Content-Type" content="text/html;charset=utf-8" />
  <meta name='ocr-system' content='tesseract 3.04.00' />
  <meta name='ocr-capabilities' content='ocr_page ocr_carea ocr_par ocr_line ocrx_word'/>
</head>
<body>
  <div class='ocr_page' id='page_1' title='image "./studialucaneasc00lundgoog_0198.png"; bbox 0 0 2836 4672; ppageno 0'>
   <div class='ocr_carea' id='block_1_1' title="bbox 151 177 211 241">
    <p class='ocr_par' dir='ltr' id='par_1_1' title="bbox 151 177 211 241">
     <span class='ocr_line' id='line_1_1' title="bbox 151 177 211 241; baseline 0.033 -2"><span class='ocrx_word' id='word_1_1' title='bbox 151 177 211 241; x_wconf 92' lang='lat'>188</span> 
     </span>
    </p>
   </div>
   <div class='ocr_carea' id='block_1_2' title="bbox 99 341 1307 2440">
    <p class='ocr_par' dir='ltr' id='par_1_2' title="bbox 99 341 1307 2440">
     <span class='ocr_line' id='line_1_2' title="bbox 108 341 1302 430; baseline 0.004 -24"><span class='ocrx_word' id='word_1_2' title='bbox 108 347 216 428; x_wconf 86' lang='lat' dir='ltr'>putat,</span> <span class='ocrx_word' id='word_1_3' title='bbox 240 342 329 429; x_wconf 89' lang='lat' dir='ltr'>quod</span> <span class='ocrx_word' id='word_1_4' title='bbox 350 342 438 407; x_wconf 86' lang='lat' dir='ltr'>nihil</span> <span class='ocrx_word' id='word_1_5' title='bbox 458 344 566 428; x_wconf 80' lang='lat' dir='ltr'>possit</span> <span class='ocrx_word' id='word_1_6' title='bbox 588 341 777 427; x_wconf 85' lang='lat' dir='ltr'>significare</span> <span class='ocrx_word' id='word_1_7' title='bbox 800 343 867 408; x_wconf 89' lang='lat' dir='ltr'>nisi</span> <span class='ocrx_word' id='word_1_8' title='bbox 889 364 912 407; x_wconf 91' lang='lat' dir='ltr'>a</span> <span class='ocrx_word' id='word_1_9' title='bbox 936 342 1072 409; x_wconf 80' lang='lat' dir='ltr'><strong><em>Caesare</em></strong></span> <span class='ocrx_word' id='word_1_10' title='bbox 1087 344 1302 430; x_wconf 69' lang='lat' dir='ltr'>(Caesaribus)</span> 
     </span>
     <span class='ocr_line' id='line_1_3' title="bbox 107 442 1304 531; baseline 0.003 -25"><span class='ocrx_word' id='word_1_11' title='bbox 107 448 239 510; x_wconf 82' lang='lat' dir='ltr'>erectas.</span> <span class='ocrx_word' id='word_1_12' title='bbox 282 442 377 508; x_wconf 90' lang='lat' dir='ltr'>Illud</span> <span class='ocrx_word' id='word_1_13' title='bbox 409 443 493 506; x_wconf 89' lang='lat' dir='ltr'>mihi</span> <span class='ocrx_word' id='word_1_14' title='bbox 525 442 582 507; x_wconf 82' lang='lat' dir='ltr'>Fr.</span> <span class='ocrx_word' id='word_1_15' title='bbox 609 465 675 508; x_wconf 91' lang='lat' dir='ltr'>non</span> <span class='ocrx_word' id='word_1_16' title='bbox 700 443 835 528; x_wconf 86' lang='lat' dir='ltr'>probat:</span> <span class='ocrx_word' id='word_1_17' title='bbox 858 465 906 522; x_wconf 89' lang='lat' dir='ltr'>ea,</span> <span class='ocrx_word' id='word_1_18' title='bbox 930 465 1024 531; x_wconf 88' lang='lat' dir='ltr'>quae,</span> <span class='ocrx_word' id='word_1_19' title='bbox 1047 446 1134 511; x_wconf 84' lang='lat' dir='ltr'>uicti</span> <span class='ocrx_word' id='word_1_20' title='bbox 1156 447 1187 511; x_wconf 90' lang='lat' dir='ltr'>si</span> <span class='ocrx_word' id='word_1_21' title='bbox 1209 453 1304 512; x_wconf 82' lang='lat' dir='ltr'>essent</span> 
     </span>
     <span class='ocr_line' id='line_1_4' title="bbox 108 542 1305 632; baseline 0.002 -22"><span class='ocrx_word' id='word_1_22' title='bbox 108 542 312 622; x_wconf 80' lang='lat' dir='ltr'>Caesariani,</span> <span class='ocrx_word' id='word_1_23' title='bbox 345 543 569 631; x_wconf 86' lang='lat' dir='ltr'>exspectanda</span> <span class='ocrx_word' id='word_1_24' title='bbox 601 548 720 623; x_wconf 87' lang='lat' dir='ltr'>essent,</span> <span class='ocrx_word' id='word_1_25' title='bbox 747 544 942 610; x_wconf 88' lang='lat' dir='ltr'>clementiae</span> <span class='ocrx_word' id='word_1_26' title='bbox 969 546 1197 632; x_wconf 85' lang='lat' dir='ltr'>desperandae</span> <span class='ocrx_word' id='word_1_27' title='bbox 1218 568 1305 612; x_wconf 85' lang='lat' dir='ltr'>causa</span> 
     </span>
     <span class='ocr_line' id='line_1_5' title="bbox 108 643 1304 732; baseline 0.003 -23"><span class='ocrx_word' id='word_1_28' title='bbox 108 645 186 710; x_wconf 93' lang='lat' dir='ltr'>uiue</span> <span class='ocrx_word' id='word_1_29' title='bbox 209 645 422 711; x_wconf 88' lang='lat' dir='ltr'>subiciuntur</span> <span class='ocrx_word' id='word_1_30' title='bbox 437 644 500 709; x_wconf 95' lang='lat' dir='ltr'>sub</span> <span class='ocrx_word' id='word_1_31' title='bbox 516 644 637 709; x_wconf 88' lang='lat' dir='ltr'>oculos.</span> <span class='ocrx_word' id='word_1_32' title='bbox 667 643 816 724; x_wconf 84' lang='lat' dir='ltr'>Spectata</span> <span class='ocrx_word' id='word_1_33' title='bbox 830 676 865 700; x_wconf 93' lang='lat'>=</span> <span class='ocrx_word' id='word_1_34' title='bbox 879 666 966 711; x_wconf 79' lang='lat' dir='ltr'>»eoos</span> <span class='ocrx_word' id='word_1_35' title='bbox 980 646 1050 711; x_wconf 90' lang='lat' dir='ltr'>iam</span> <span class='ocrx_word' id='word_1_36' title='bbox 1063 651 1201 732; x_wconf 85' lang='lat' dir='ltr'>praesto</span> <span class='ocrx_word' id='word_1_37' title='bbox 1215 653 1304 712; x_wconf 74' lang='lat' dir='ltr'>sunt».</span> 
     </span>
     <span class='ocr_line' id='line_1_6' title="bbox 107 743 1305 834; baseline 0.001 -23"><span class='ocrx_word' id='word_1_38' title='bbox 107 743 258 811; x_wconf 82' lang='lat' dir='ltr'>Concedo</span> <span class='ocrx_word' id='word_1_39' title='bbox 280 745 391 809; x_wconf 90' lang='lat' dir='ltr'>minus</span> <span class='ocrx_word' id='word_1_40' title='bbox 413 746 512 809; x_wconf 88' lang='lat' dir='ltr'>solito</span> <span class='ocrx_word' id='word_1_41' title='bbox 534 767 599 809; x_wconf 92' lang='lat' dir='ltr'>usu</span> <span class='ocrx_word' id='word_1_42' title='bbox 624 743 805 810; x_wconf 83' lang='lat' dir='ltr'>Caesareas</span> <span class='ocrx_word' id='word_1_43' title='bbox 827 745 1017 811; x_wconf 87' lang='lat' dir='ltr'>adhibitum</span> <span class='ocrx_word' id='word_1_44' title='bbox 1039 768 1111 812; x_wconf 90' lang='lat' dir='ltr'>esse</span> <span class='ocrx_word' id='word_1_45' title='bbox 1132 747 1244 812; x_wconf 91' lang='lat' dir='ltr'>uideri</span> <span class='ocrx_word' id='word_1_46' title='bbox 1255 769 1305 834; x_wconf 88' lang='lat' dir='ltr'>pro</span> 
     </span>
     <span class='ocr_line' id='line_1_7' title="bbox 108 844 1306 933; baseline 0.005 -27"><span class='ocrx_word' id='word_1_47' title='bbox 108 844 259 912; x_wconf 76' lang='lat' dir='ltr'>»Caesari</span> <span class='ocrx_word' id='word_1_48' title='bbox 281 844 522 930; x_wconf 83' lang='lat' dir='ltr'>(Caesarianis)</span> <span class='ocrx_word' id='word_1_49' title='bbox 544 850 693 910; x_wconf 77' lang='lat' dir='ltr'>erectas».</span> <span class='ocrx_word' id='word_1_50' title='bbox 730 845 823 911; x_wconf 90' lang='lat' dir='ltr'>Haec</span> <span class='ocrx_word' id='word_1_51' title='bbox 842 847 954 911; x_wconf 92' lang='lat' dir='ltr'>omnia</span> <span class='ocrx_word' id='word_1_52' title='bbox 969 847 1012 912; x_wconf 87' lang='lat' dir='ltr'>ad</span> <span class='ocrx_word' id='word_1_53' title='bbox 1026 848 1172 933; x_wconf 86' lang='lat' dir='ltr'>speeiem</span> <span class='ocrx_word' id='word_1_54' title='bbox 1187 869 1209 912; x_wconf 87' lang='lat' dir='ltr'>a</span> <span class='ocrx_word' id='word_1_55' title='bbox 1222 845 1306 914; x_wconf 87' lang='lat' dir='ltr'>Sulla</span> 
     </span>
     <span class='ocr_line' id='line_1_8' title="bbox 107 946 1306 1034; baseline 0.001 -22"><span class='ocrx_word' id='word_1_56' title='bbox 107 946 288 1012; x_wconf 87' lang='lat' dir='ltr'>crudeliter</span> <span class='ocrx_word' id='word_1_57' title='bbox 308 947 473 1011; x_wconf 83' lang='lat' dir='ltr'>factorum</span> <span class='ocrx_word' id='word_1_58' title='bbox 496 946 696 1011; x_wconf 87' lang='lat' dir='ltr'>adumbrata</span> <span class='ocrx_word' id='word_1_59' title='bbox 718 968 788 1011; x_wconf 88' lang='lat' dir='ltr'>esse</span> <span class='ocrx_word' id='word_1_60' title='bbox 808 951 955 1032; x_wconf 88' lang='lat' dir='ltr'>apparet.</span> <span class='ocrx_word' id='word_1_61' title='bbox 990 946 1113 1013; x_wconf 89' lang='lat' dir='ltr'>Seruos</span> <span class='ocrx_word' id='word_1_62' title='bbox 1128 953 1306 1034; x_wconf 77' lang='lat' dir='ltr'>pugnantes</span> 
     </span>
     <span class='ocr_line' id='line_1_9' title="bbox 107 1045 1306 1133; baseline 0 -21"><span class='ocrx_word' id='word_1_63' title='bbox 107 1052 221 1132; x_wconf 88' lang='lat' dir='ltr'>captos</span> <span class='ocrx_word' id='word_1_64' title='bbox 254 1045 351 1112; x_wconf 88' lang='lat' dir='ltr'>Sulla</span> <span class='ocrx_word' id='word_1_65' title='bbox 384 1047 475 1111; x_wconf 88' lang='lat' dir='ltr'>cruci</span> <span class='ocrx_word' id='word_1_66' title='bbox 507 1045 600 1131; x_wconf 83' lang='lat' dir='ltr'>affigi</span> <span class='ocrx_word' id='word_1_67' title='bbox 631 1048 786 1112; x_wconf 89' lang='lat' dir='ltr'>iusserat.</span> <span class='ocrx_word' id='word_1_68' title='bbox 833 1045 1012 1133; x_wconf 90' lang='lat' dir='ltr'>Pompeius</span> <span class='ocrx_word' id='word_1_69' title='bbox 1041 1070 1122 1114; x_wconf 87' lang='lat' dir='ltr'>uero</span> <span class='ocrx_word' id='word_1_70' title='bbox 1149 1048 1306 1114; x_wconf 89' lang='lat' dir='ltr'>contiona-</span> 
     </span>
     <span class='ocr_line' id='line_1_10' title="bbox 106 1145 1307 1233; baseline -0.002 -21"><span class='ocrx_word' id='word_1_71' title='bbox 106 1147 239 1212; x_wconf 90' lang='lat' dir='ltr'>bundus</span> <span class='ocrx_word' id='word_1_72' title='bbox 260 1145 314 1231; x_wconf 92' lang='grc' dir='ltr'>(Π</span> <span class='ocrx_word' id='word_1_73' title='bbox 336 1149 396 1212; x_wconf 72' lang='grc'>552</span> <span class='ocrx_word' id='word_1_74' title='bbox 412 1148 499 1233; x_wconf 85' lang='lat' dir='ltr'>sqq.)</span> <span class='ocrx_word' id='word_1_75' title='bbox 515 1145 691 1212; x_wconf 87' lang='lat' dir='ltr'>Caesarem</span> <span class='ocrx_word' id='word_1_76' title='bbox 706 1169 781 1212; x_wconf 89' lang='lat' dir='ltr'>oum</span> <span class='ocrx_word' id='word_1_77' title='bbox 796 1145 958 1233; x_wconf 78' lang='lat' dir='ltr'>Spartaco</span> <span class='ocrx_word' id='word_1_78' title='bbox 974 1149 1173 1215; x_wconf 89' lang='lat' dir='ltr'>contulerat.</span> <span class='ocrx_word' id='word_1_79' title='bbox 1208 1148 1307 1228; x_wconf 87' lang='lat' dir='ltr'>Caput</span> 
     </span>
     <span class='ocr_line' id='line_1_11' title="bbox 108 1246 1305 1326; baseline 0.001 -16"><span class='ocrx_word' id='word_1_80' title='bbox 108 1247 166 1311; x_wconf 84' lang='lat' dir='ltr'>tae</span> <span class='ocrx_word' id='word_1_81' title='bbox 182 1249 331 1326; x_wconf 80' lang='lat' dir='ltr'>positum</span> <span class='ocrx_word' id='word_1_82' title='bbox 352 1248 488 1312; x_wconf 79' lang='lat' dir='ltr'>rastris:</span> <span class='ocrx_word' id='word_1_83' title='bbox 513 1247 595 1313; x_wconf 87' lang='lat' dir='ltr'>haec</span> <span class='ocrx_word' id='word_1_84' title='bbox 616 1247 721 1313; x_wconf 88' lang='lat' dir='ltr'>uerba</span> <span class='ocrx_word' id='word_1_85' title='bbox 741 1246 799 1313; x_wconf 84' lang='lat' dir='ltr'>Fr.</span> <span class='ocrx_word' id='word_1_86' title='bbox 822 1248 866 1313; x_wconf 88' lang='lat' dir='ltr'>ad</span> <span class='ocrx_word' id='word_1_87' title='bbox 887 1246 1023 1314; x_wconf 85' lang='lat' dir='ltr'>Octauii</span> <span class='ocrx_word' id='word_1_88' title='bbox 1045 1249 1195 1314; x_wconf 84' lang='lat' dir='ltr'>consulis</span> <span class='ocrx_word' id='word_1_89' title='bbox 1216 1254 1249 1314; x_wconf 90' lang='lat' dir='ltr'>et</span> <span class='ocrx_word' id='word_1_90' title='bbox 1267 1248 1305 1312; x_wconf 85' lang='lat' dir='ltr'>ll.</span> 
     </span>
     <span class='ocr_line' id='line_1_12' title="bbox 107 1346 1307 1434; baseline 0.001 -22"><span class='ocrx_word' id='word_1_91' title='bbox 107 1346 238 1413; x_wconf 86' lang='lat' dir='ltr'>Antoni</span> <span class='ocrx_word' id='word_1_92' title='bbox 264 1349 407 1413; x_wconf 87' lang='lat' dir='ltr'>oratoris</span> <span class='ocrx_word' id='word_1_93' title='bbox 433 1349 541 1414; x_wconf 84' lang='lat' dir='ltr'>fatum</span> <span class='ocrx_word' id='word_1_94' title='bbox 564 1353 714 1434; x_wconf 87' lang='lat' dir='ltr'>spectare</span> <span class='ocrx_word' id='word_1_95' title='bbox 736 1348 936 1429; x_wconf 59' lang='lat' dir='ltr'>arbitratum</span> <span class='ocrx_word' id='word_1_96' title='bbox 963 1349 1021 1414; x_wconf 90' lang='lat' dir='ltr'>sed</span> <span class='ocrx_word' id='word_1_97' title='bbox 1043 1348 1244 1415; x_wconf 89' lang='lat' dir='ltr'>monendum</span> <span class='ocrx_word' id='word_1_98' title='bbox 1264 1355 1307 1414; x_wconf 86' lang='lat' dir='ltr'>est</span> 
     </span>
     <span class='ocr_line' id='line_1_13' title="bbox 107 1447 1306 1536; baseline -0.001 -21"><span class='ocrx_word' id='word_1_99' title='bbox 107 1447 264 1515; x_wconf 90' lang='lat' dir='ltr'>Sullanos</span> <span class='ocrx_word' id='word_1_100' title='bbox 290 1448 367 1512; x_wconf 89' lang='lat' dir='ltr'>illos</span> <span class='ocrx_word' id='word_1_101' title='bbox 390 1470 410 1512; x_wconf 90' lang='lat' dir='ltr'>a</span> <span class='ocrx_word' id='word_1_102' title='bbox 432 1448 539 1514; x_wconf 88' lang='lat' dir='ltr'>Mario</span> <span class='ocrx_word' id='word_1_103' title='bbox 562 1469 632 1513; x_wconf 91' lang='lat' dir='ltr'>esse</span> <span class='ocrx_word' id='word_1_104' title='bbox 655 1449 787 1513; x_wconf 88' lang='lat' dir='ltr'>occisos</span> <span class='ocrx_word' id='word_1_105' title='bbox 830 1448 898 1514; x_wconf 92' lang='lat' dir='ltr'>Hic</span> <span class='ocrx_word' id='word_1_106' title='bbox 920 1447 1053 1528; x_wconf 85' lang='lat' dir='ltr'>Caesar,</span> <span class='ocrx_word' id='word_1_107' title='bbox 1075 1451 1207 1536; x_wconf 85' lang='lat' dir='ltr'>opinor,</span> <span class='ocrx_word' id='word_1_108' title='bbox 1227 1471 1306 1536; x_wconf 86' lang='lat' dir='ltr'>spec·</span> 
     </span>
     <span class='ocr_line' id='line_1_14' title="bbox 106 1546 1307 1635; baseline -0.002 -19"><span class='ocrx_word' id='word_1_109' title='bbox 106 1555 158 1616; x_wconf 88' lang='lat' dir='ltr'>tat</span> <span class='ocrx_word' id='word_1_110' title='bbox 181 1550 223 1615; x_wconf 96' lang='lat' dir='ltr'>ad</span> <span class='ocrx_word' id='word_1_111' title='bbox 246 1546 434 1634; x_wconf 89' lang='lat' dir='ltr'>Sulpicium</span> <span class='ocrx_word' id='word_1_112' title='bbox 456 1548 656 1629; x_wconf 87' lang='lat' dir='ltr'>Marianum,</span> <span class='ocrx_word' id='word_1_113' title='bbox 680 1548 832 1635; x_wconf 90' lang='lat' dir='ltr'>quisine</span> <span class='ocrx_word' id='word_1_114' title='bbox 854 1549 994 1635; x_wconf 89' lang='lat' dir='ltr'>imperio</span> <span class='ocrx_word' id='word_1_115' title='bbox 1017 1550 1307 1616; x_wconf 87' lang='lat' dir='ltr'>armatos—tria</span> 
     </span>
     <span class='ocr_line' id='line_1_15' title="bbox 107 1649 1305 1736; baseline -0.003 -20"><span class='ocrx_word' id='word_1_116' title='bbox 107 1651 202 1716; x_wconf 88' lang='lat' dir='ltr'>milia</span> <span class='ocrx_word' id='word_1_117' title='bbox 223 1649 451 1716; x_wconf 86' lang='lat' dir='ltr'>traditum—</span> <span class='ocrx_word' id='word_1_118' title='bbox 473 1649 625 1715; x_wconf 82' lang='lat' dir='ltr'>duxisset</span> <span class='ocrx_word' id='word_1_119' title='bbox 647 1654 763 1715; x_wconf 87' lang='lat' dir='ltr'>contra</span> <span class='ocrx_word' id='word_1_120' title='bbox 781 1670 851 1713; x_wconf 91' lang='lat' dir='ltr'>rem</span> <span class='ocrx_word' id='word_1_121' title='bbox 869 1649 1049 1735; x_wconf 82' lang='lat' dir='ltr'>publicam,</span> <span class='ocrx_word' id='word_1_122' title='bbox 1065 1651 1159 1736; x_wconf 84' lang='lat' dir='ltr'>leges</span> <span class='ocrx_word' id='word_1_123' title='bbox 1173 1671 1233 1736; x_wconf 90' lang='lat' dir='ltr'>per</span> <span class='ocrx_word' id='word_1_124' title='bbox 1245 1651 1305 1715; x_wconf 90' lang='lat' dir='ltr'>uim</span> 
     </span>
     <span class='ocr_line' id='line_1_16' title="bbox 106 1750 1305 1837; baseline -0.001 -22"><span class='ocrx_word' id='word_1_125' title='bbox 106 1751 310 1836; x_wconf 75' lang='lat' dir='ltr'>pertulisset,</span> <span class='ocrx_word' id='word_1_126' title='bbox 331 1750 524 1815; x_wconf 86' lang='lat' dir='ltr'>oonsulibus</span> <span class='ocrx_word' id='word_1_127' title='bbox 543 1755 683 1814; x_wconf 87' lang='lat' dir='ltr'>mortem</span> <span class='ocrx_word' id='word_1_128' title='bbox 698 1751 846 1814; x_wconf 88' lang='lat' dir='ltr'>minatus</span> <span class='ocrx_word' id='word_1_129' title='bbox 862 1755 956 1830; x_wconf 88' lang='lat' dir='ltr'>esset,</span> <span class='ocrx_word' id='word_1_130' title='bbox 972 1755 1141 1836; x_wconf 87' lang='lat' dir='ltr'>postremo</span> <span class='ocrx_word' id='word_1_131' title='bbox 1157 1751 1305 1837; x_wconf 87' lang='lat' dir='ltr'>expulsus</span> 
     </span>
     <span class='ocr_line' id='line_1_17' title="bbox 106 1848 1303 1933; baseline -0.002 -17"><span class='ocrx_word' id='word_1_132' title='bbox 106 1874 127 1915; x_wconf 86' lang='lat' dir='ltr'>a</span> <span class='ocrx_word' id='word_1_133' title='bbox 153 1849 251 1916; x_wconf 89' lang='lat' dir='ltr'>Sulla</span> <span class='ocrx_word' id='word_1_134' title='bbox 276 1850 465 1916; x_wconf 87' lang='lat' dir='ltr'>trucidatus</span> <span class='ocrx_word' id='word_1_135' title='bbox 488 1855 583 1915; x_wconf 89' lang='lat' dir='ltr'>esset.</span> <span class='ocrx_word' id='word_1_136' title='bbox 629 1848 688 1914; x_wconf 82' lang='lat' dir='ltr'>cfr</span> <span class='ocrx_word' id='word_1_137' title='bbox 709 1848 1303 1933; x_wconf 74' lang='lat' dir='ltr'>Vell.Paterc.Ivan12;X1xl;</span> 
     </span>
     <span class='ocr_line' id='line_1_18' title="bbox 106 1949 1302 2036; baseline -0.003 -21"><span class='ocrx_word' id='word_1_138' title='bbox 106 1951 167 2016; x_wconf 90' lang='lat' dir='ltr'>hoo</span> <span class='ocrx_word' id='word_1_139' title='bbox 189 1951 260 2016; x_wconf 89' lang='lat' dir='ltr'>loco</span> <span class='ocrx_word' id='word_1_140' title='bbox 282 1949 360 2015; x_wconf 92' lang='lat' dir='ltr'>finis</span> <span class='ocrx_word' id='word_1_141' title='bbox 383 1949 527 2036; x_wconf 86' lang='lat' dir='ltr'>Sulpicii</span> <span class='ocrx_word' id='word_1_142' title='bbox 549 1951 726 2015; x_wconf 88' lang='lat' dir='ltr'>memoriae</span> <span class='ocrx_word' id='word_1_143' title='bbox 747 1951 903 2036; x_wconf 88' lang='lat' dir='ltr'>proditur</span> <span class='ocrx_word' id='word_1_144' title='bbox 917 1953 979 2017; x_wconf 86' lang='lat' dir='ltr'>sic:</span> <span class='ocrx_word' id='word_1_145' title='bbox 1002 1951 1204 2033; x_wconf 74' lang='lat' dir='ltr'>&gt;Sulpicium</span> <span class='ocrx_word' id='word_1_146' title='bbox 1217 1952 1302 2016; x_wconf 86' lang='lat' dir='ltr'>etiam</span> 
     </span>
     <span class='ocr_line' id='line_1_19' title="bbox 106 2050 1302 2135; baseline -0.003 -20"><span class='ocrx_word' id='word_1_147' title='bbox 106 2052 252 2115; x_wconf 78' lang='lat' dir='ltr'>adsecuti</span> <span class='ocrx_word' id='word_1_148' title='bbox 279 2052 400 2131; x_wconf 78' lang='lat' dir='ltr'>equites</span> <span class='ocrx_word' id='word_1_149' title='bbox 426 2052 464 2113; x_wconf 88' lang='lat' dir='ltr'>iu</span> <span class='ocrx_word' id='word_1_150' title='bbox 489 2050 707 2114; x_wconf 86' lang='lat' dir='ltr'>Laureutiuis</span> <span class='ocrx_word' id='word_1_151' title='bbox 720 2051 906 2131; x_wconf 82' lang='lat' dir='ltr'>paludibus</span> <span class='ocrx_word' id='word_1_152' title='bbox 927 2052 1133 2135; x_wconf 75' lang='lat' dir='ltr'>iupaiauere,</span> <span class='ocrx_word' id='word_1_153' title='bbox 1157 2057 1302 2134; x_wconf 62' lang='lat' dir='ltr'>captetque¹</span> 
     </span>
     <span class='ocr_line' id='line_1_20' title="bbox 106 2152 1301 2231; baseline -0.006 -15"><span class='ocrx_word' id='word_1_154' title='bbox 106 2154 176 2216; x_wconf 87' lang='lat' dir='ltr'>eius</span> <span class='ocrx_word' id='word_1_155' title='bbox 209 2157 346 2216; x_wconf 74' lang='lat' dir='ltr'>ereatura</span> <span class='ocrx_word' id='word_1_156' title='bbox 379 2157 409 2215; x_wconf 90' lang='lat' dir='ltr'>et</span> <span class='ocrx_word' id='word_1_157' title='bbox 441 2156 638 2215; x_wconf 82' lang='lat' dir='ltr'>osteutatum</span> <span class='ocrx_word' id='word_1_158' title='bbox 658 2172 723 2231; x_wconf 85' lang='lat' dir='ltr'>pra</span> <span class='ocrx_word' id='word_1_159' title='bbox 745 2154 862 2216; x_wconf 80' lang='lat' dir='ltr'>uostris</span> <span class='ocrx_word' id='word_1_160' title='bbox 884 2152 975 2217; x_wconf 84' lang='lat' dir='ltr'>uelut</span> <span class='ocrx_word' id='word_1_161' title='bbox 997 2171 1090 2217; x_wconf 85' lang='lat' dir='ltr'>amca</span> <span class='ocrx_word' id='word_1_162' title='bbox 1112 2153 1301 2217; x_wconf 73' lang='lat' dir='ltr'>immineatis·</span> 
     </span>
     <span class='ocr_line' id='line_1_21' title="bbox 99 2250 1299 2340; baseline -0.003 -22"><span class='ocrx_word' id='word_1_163' title='bbox 99 2254 358 2335; x_wconf 74' lang='lat' dir='ltr'>proscriptionis</span> <span class='ocrx_word' id='word_1_164' title='bbox 382 2252 472 2333; x_wconf 73' lang='lat' dir='ltr'>fuit.»</span> <span class='ocrx_word' id='word_1_165' title='bbox 516 2250 638 2317; x_wconf 92' lang='lat' dir='ltr'>Omnia</span> <span class='ocrx_word' id='word_1_166' title='bbox 664 2253 787 2332; x_wconf 89' lang='lat' dir='ltr'>eadem,</span> <span class='ocrx_word' id='word_1_167' title='bbox 809 2275 895 2340; x_wconf 90' lang='lat' dir='ltr'>quae</span> <span class='ocrx_word' id='word_1_168' title='bbox 918 2253 1118 2340; x_wconf 90' lang='lat' dir='ltr'>Sulpicium,</span> <span class='ocrx_word' id='word_1_169' title='bbox 1140 2253 1299 2320; x_wconf 87' lang='lat' dir='ltr'>Caesarem</span> 
     </span>
     <span class='ocr_line' id='line_1_22' title="bbox 106 2351 1299 2440; baseline -0.005 -20"><span class='ocrx_word' id='word_1_170' title='bbox 106 2355 310 2420; x_wconf 82' lang='lat' dir='ltr'>commisisse</span> <span class='ocrx_word' id='word_1_171' title='bbox 332 2352 529 2418; x_wconf 87' lang='lat' dir='ltr'>insimulare</span> <span class='ocrx_word' id='word_1_172' title='bbox 551 2375 668 2439; x_wconf 84' lang='lat' dir='ltr'>nempe</span> <span class='ocrx_word' id='word_1_173' title='bbox 690 2352 895 2440; x_wconf 92' lang='lat' dir='ltr'>Pompeium.</span> <span class='ocrx_word' id='word_1_174' title='bbox 939 2353 1196 2436; x_wconf 72' lang='lat' dir='ltr'>Saeptorumque</span> <span class='ocrx_word' id='word_1_175' title='bbox 1216 2351 1299 2432; x_wconf 77' lang='lat' dir='ltr'>nefas</span> 
     </span>
    </p>
   </div>
   <div class='ocr_carea' id='block_1_3' title="bbox 105 2453 1297 2620">
    <p class='ocr_par' dir='ltr' id='par_1_3' title="bbox 105 2453 1297 2620">
     <span class='ocr_line' id='line_1_23' title="bbox 105 2453 1297 2541; baseline -0.003 -23"><span class='ocrx_word' id='word_1_176' title='bbox 105 2460 135 2518; x_wconf 88' lang='lat' dir='ltr'>et</span> <span class='ocrx_word' id='word_1_177' title='bbox 164 2455 271 2520; x_wconf 83' lang='lat' dir='ltr'>clausi</span> <span class='ocrx_word' id='word_1_178' title='bbox 294 2454 427 2534; x_wconf 85' lang='lat' dir='ltr'>proelia</span> <span class='ocrx_word' id='word_1_179' title='bbox 457 2453 587 2534; x_wconf 81' lang='lat' dir='ltr'>Campi:</span> <span class='ocrx_word' id='word_1_180' title='bbox 620 2453 700 2519; x_wconf 89' lang='lat' dir='ltr'>haec</span> <span class='ocrx_word' id='word_1_181' title='bbox 729 2455 833 2520; x_wconf 89' lang='lat' dir='ltr'>uerba</span> <span class='ocrx_word' id='word_1_182' title='bbox 865 2454 948 2541; x_wconf 90' lang='lat' dir='ltr'>quid</span> <span class='ocrx_word' id='word_1_183' title='bbox 977 2453 1178 2540; x_wconf 83' lang='lat' dir='ltr'>significent,</span> <span class='ocrx_word' id='word_1_184' title='bbox 1207 2458 1297 2520; x_wconf 81' lang='lat' dir='ltr'>osten</span> 
     </span>
     <span class='ocr_line' id='line_1_24' title="bbox 105 2555 234 2620; baseline 0.008 -1"><span class='ocrx_word' id='word_1_185' title='bbox 105 2556 156 2619; x_wconf 89' lang='lat' dir='ltr'>dit</span> <span class='ocrx_word' id='word_1_186' title='bbox 177 2555 234 2620; x_wconf 87' lang='lat' dir='ltr'>Fr.</span> 
     </span>
    </p>
   </div>
   <div class='ocr_carea' id='block_1_4' title="bbox 106 2870 357 2992">
    <p class='ocr_par' dir='ltr' id='par_1_4' title="bbox 106 2870 357 2992">
     <span class='ocr_line' id='line_1_25' title="bbox 106 2870 357 2992; baseline -0.004 -20"><span class='ocrx_word' id='word_1_187' title='bbox 106 2870 260 2973; x_wconf 47' lang='lat' dir='ltr'><strong>V1131&#39;7</strong></span> <span class='ocrx_word' id='word_1_188' title='bbox 353 2985 357 2992; x_wconf 40' lang='grc'><strong>,</strong></span> 
     </span>
    </p>
   </div>
   <div class='ocr_carea' id='block_1_5' title="bbox 440 3007 1115 3090">
    <p class='ocr_par' dir='ltr' id='par_1_5' title="bbox 440 3007 1115 3090">
     <span class='ocr_line' id='line_1_26' title="bbox 440 3007 1115 3090; baseline -0.001 -18"><span class='ocrx_word' id='word_1_189' title='bbox 440 3011 602 3090; x_wconf 79' lang='lat' dir='ltr'>quautam</span> <span class='ocrx_word' id='word_1_190' title='bbox 623 3009 764 3072; x_wconf 89' lang='lat' dir='ltr'>satiauit</span> <span class='ocrx_word' id='word_1_191' title='bbox 785 3009 946 3090; x_wconf 75' lang='lat' dir='ltr'>saupuiue</span> <span class='ocrx_word' id='word_1_192' title='bbox 968 3007 1115 3089; x_wconf 69' lang='lat' dir='ltr'>terrum!</span> 
     </span>
    </p>
   </div>
   <div class='ocr_carea' id='block_1_6' title="bbox 103 3190 1287 3580">
    <p class='ocr_par' dir='ltr' id='par_1_6' title="bbox 103 3190 1287 3580">
     <span class='ocr_line' id='line_1_27' title="bbox 187 3190 1287 3278; baseline -0.004 -20"><span class='ocrx_word' id='word_1_193' title='bbox 187 3191 477 3272; x_wconf 82' lang='lat' dir='ltr'>Weiss-Haskins,</span> <span class='ocrx_word' id='word_1_194' title='bbox 504 3193 664 3277; x_wconf 81' lang='lat' dir='ltr'>Postgate</span> <span class='ocrx_word' id='word_1_195' title='bbox 690 3191 750 3278; x_wconf 89' lang='lat' dir='ltr'>(M.</span> <span class='ocrx_word' id='word_1_196' title='bbox 776 3190 911 3258; x_wconf 88' lang='lat' dir='ltr'>Annaei</span> <span class='ocrx_word' id='word_1_197' title='bbox 932 3191 1064 3259; x_wconf 88' lang='lat' dir='ltr'>Lucani</span> <span class='ocrx_word' id='word_1_198' title='bbox 1085 3192 1138 3259; x_wconf 91' lang='lat' dir='ltr'>De</span> <span class='ocrx_word' id='word_1_199' title='bbox 1159 3194 1239 3261; x_wconf 89' lang='lat' dir='ltr'>bello</span> <span class='ocrx_word' id='word_1_200' title='bbox 1256 3190 1287 3254; x_wconf 88' lang='lat' dir='ltr'>ai·</span> 
     </span>
     <span class='ocr_line' id='line_1_28' title="bbox 104 3291 1287 3379; baseline 0 -21"><span class='ocrx_word' id='word_1_201' title='bbox 104 3293 167 3358; x_wconf 90' lang='lat' dir='ltr'>uili</span> <span class='ocrx_word' id='word_1_202' title='bbox 204 3293 290 3358; x_wconf 88' lang='lat' dir='ltr'>liber</span> <span class='ocrx_word' id='word_1_203' title='bbox 321 3292 403 3372; x_wconf 84' lang='lat' dir='ltr'>VII,</span> <span class='ocrx_word' id='word_1_204' title='bbox 442 3292 643 3377; x_wconf 83' lang='lat' dir='ltr'>Cambridge</span> <span class='ocrx_word' id='word_1_205' title='bbox 681 3295 786 3379; x_wconf 87' lang='grc'><strong>1896),</strong></span> <span class='ocrx_word' id='word_1_206' title='bbox 825 3292 1002 3359; x_wconf 82' lang='lat' dir='ltr'>Francken</span> <span class='ocrx_word' id='word_1_207' title='bbox 1035 3316 1112 3360; x_wconf 89' lang='lat' dir='ltr'>oum</span> <span class='ocrx_word' id='word_1_208' title='bbox 1145 3291 1287 3361; x_wconf 77' lang='lat' dir='ltr'>codicibus</span> 
     </span>
     <span class='ocr_line' id='line_1_29' title="bbox 104 3391 1287 3480; baseline -0.003 -21"><span class='ocrx_word' id='word_1_209' title='bbox 104 3394 136 3459; x_wconf 92' lang='lat' dir='ltr'>V</span> <span class='ocrx_word' id='word_1_210' title='bbox 151 3392 183 3458; x_wconf 89' lang='lat' dir='ltr'><strong>U</strong></span> <span class='ocrx_word' id='word_1_211' title='bbox 198 3392 226 3458; x_wconf 92' lang='lat' dir='ltr'>P</span> <span class='ocrx_word' id='word_1_212' title='bbox 243 3391 274 3458; x_wconf 79' lang='lat' dir='ltr'><strong>G</strong></span> <span class='ocrx_word' id='word_1_213' title='bbox 296 3394 457 3479; x_wconf 89' lang='lat' dir='ltr'>praebent</span> <span class='ocrx_word' id='word_1_214' title='bbox 478 3398 614 3475; x_wconf 79' lang='lat' dir='ltr'>quauta.</span> <span class='ocrx_word' id='word_1_215' title='bbox 649 3391 716 3459; x_wconf 87' lang='lat' dir='ltr'>Sed</span> <span class='ocrx_word' id='word_1_216' title='bbox 734 3394 911 3458; x_wconf 85' lang='lat' dir='ltr'>lectionem</span> <span class='ocrx_word' id='word_1_217' title='bbox 925 3394 1149 3480; x_wconf 88' lang='lat' dir='ltr'>plurimorum</span> <span class='ocrx_word' id='word_1_218' title='bbox 1164 3393 1287 3461; x_wconf 84' lang='lat' dir='ltr'>codicum</span> 
     </span>
     <span class='ocr_line' id='line_1_30' title="bbox 103 3493 977 3580; baseline -0.002 -20"><span class='ocrx_word' id='word_1_219' title='bbox 103 3495 160 3580; x_wconf 80' lang='lat' dir='ltr'>(ab</span> <span class='ocrx_word' id='word_1_220' title='bbox 183 3494 289 3559; x_wconf 89' lang='lat' dir='ltr'>Hosio</span> <span class='ocrx_word' id='word_1_221' title='bbox 311 3496 493 3580; x_wconf 90' lang='lat' dir='ltr'>receptam)</span> <span class='ocrx_word' id='word_1_222' title='bbox 514 3495 653 3559; x_wconf 84' lang='lat' dir='ltr'>retineri</span> <span class='ocrx_word' id='word_1_223' title='bbox 675 3515 770 3580; x_wconf 87' lang='lat' dir='ltr'>posse</span> <span class='ocrx_word' id='word_1_224' title='bbox 793 3495 903 3575; x_wconf 86' lang='lat' dir='ltr'>credo;</span> <span class='ocrx_word' id='word_1_225' title='bbox 926 3493 977 3560; x_wconf 84' lang='lat' dir='ltr'>cfr</span> 
     </span>
    </p>
   </div>
   <div class='ocr_carea' id='block_1_7' title="bbox 103 3627 1018 3911">
    <p class='ocr_par' dir='ltr' id='par_1_7' title="bbox 103 3627 1018 3911">
     <span class='ocr_line' id='line_1_31' title="bbox 103 3627 257 3695; baseline -0.019 0"><span class='ocrx_word' id='word_1_226' title='bbox 103 3627 175 3695; x_wconf 90' lang='lat' dir='ltr'>VII</span> <span class='ocrx_word' id='word_1_227' title='bbox 197 3631 257 3693; x_wconf 84' lang='grc'>847</span> 
     </span>
     <span class='ocr_line' id='line_1_32' title="bbox 505 3729 1018 3809; baseline 0.002 -17"><span class='ocrx_word' id='word_1_228' title='bbox 505 3748 567 3809; x_wconf 80' lang='lat' dir='ltr'>qua</span> <span class='ocrx_word' id='word_1_229' title='bbox 591 3732 720 3791; x_wconf 84' lang='lat' dir='ltr'>tautam</span> <span class='ocrx_word' id='word_1_230' title='bbox 742 3730 888 3808; x_wconf 79' lang='lat' dir='ltr'>erimiue,</span> <span class='ocrx_word' id='word_1_231' title='bbox 912 3729 1018 3809; x_wconf 84' lang='lat' dir='ltr'>tellus,</span> 
     </span>
     <span class='ocr_line' id='line_1_33' title="bbox 190 3831 541 3911; baseline -0.005 -16"><span class='ocrx_word' id='word_1_232' title='bbox 190 3831 317 3895; x_wconf 82' lang='lat' dir='ltr'>laesisti</span> <span class='ocrx_word' id='word_1_233' title='bbox 338 3849 481 3911; x_wconf 85' lang='lat' dir='ltr'>superas,</span> <span class='ocrx_word' id='word_1_234' title='bbox 504 3834 541 3892; x_wconf 94' lang='lat' dir='ltr'>ut</span> 
     </span>
    </p>
   </div>
   <div class='ocr_carea' id='block_1_8' title="bbox 103 3961 1288 4249">
    <p class='ocr_par' dir='ltr' id='par_1_8' title="bbox 103 3961 1288 4249">
     <span class='ocr_line' id='line_1_34' title="bbox 104 3961 1288 4051; baseline -0.005 -23"><span class='ocrx_word' id='word_1_235' title='bbox 104 3963 172 4028; x_wconf 88' lang='lat' dir='ltr'>Ubi</span> <span class='ocrx_word' id='word_1_236' title='bbox 198 3966 235 4029; x_wconf 89' lang='lat' dir='ltr'>in</span> <span class='ocrx_word' id='word_1_237' title='bbox 261 3985 361 4029; x_wconf 88' lang='lat' dir='ltr'>sensu</span> <span class='ocrx_word' id='word_1_238' title='bbox 387 3963 500 4027; x_wconf 88' lang='lat' dir='ltr'>eodem</span> <span class='ocrx_word' id='word_1_239' title='bbox 527 3961 654 4029; x_wconf 85' lang='lat' dir='ltr'>codices</span> <span class='ocrx_word' id='word_1_240' title='bbox 682 4003 717 4013; x_wconf 92' lang='lat'>—</span> <span class='ocrx_word' id='word_1_241' title='bbox 739 3965 886 4050; x_wconf 84' lang='lat' dir='ltr'>exceptis</span> <span class='ocrx_word' id='word_1_242' title='bbox 908 3961 942 4028; x_wconf 83' lang='lat' dir='ltr'><strong>A</strong></span> <span class='ocrx_word' id='word_1_243' title='bbox 956 3961 987 4028; x_wconf 93' lang='grc' dir='ltr'>Β</span> <span class='ocrx_word' id='word_1_244' title='bbox 1003 3963 1040 4045; x_wconf 92' lang='lat' dir='ltr'>C,</span> <span class='ocrx_word' id='word_1_245' title='bbox 1063 3965 1123 4051; x_wconf 91' lang='lat' dir='ltr'>qui</span> <span class='ocrx_word' id='word_1_246' title='bbox 1144 3967 1230 4028; x_wconf 82' lang='lat' dir='ltr'>tauta</span> <span class='ocrx_word' id='word_1_247' title='bbox 1246 3975 1288 4022; x_wconf 78' lang='lat' dir='ltr'>ex·</span> 
     </span>
     <span class='ocr_line' id='line_1_35' title="bbox 103 4063 1286 4149; baseline -0.002 -20"><span class='ocrx_word' id='word_1_248' title='bbox 103 4064 221 4129; x_wconf 89' lang='lat' dir='ltr'>hibent</span> <span class='ocrx_word' id='word_1_249' title='bbox 253 4102 294 4116; x_wconf 89' lang='lat'><em>-</em></span> <span class='ocrx_word' id='word_1_250' title='bbox 327 4063 468 4129; x_wconf 88' lang='lat' dir='ltr'>eundem</span> <span class='ocrx_word' id='word_1_251' title='bbox 504 4065 709 4149; x_wconf 87' lang='lat' dir='ltr'>pronominis</span> <span class='ocrx_word' id='word_1_252' title='bbox 743 4086 856 4130; x_wconf 90' lang='lat' dir='ltr'>casum</span> <span class='ocrx_word' id='word_1_253' title='bbox 889 4064 1051 4130; x_wconf 89' lang='lat' dir='ltr'>adhibent</span> <span class='ocrx_word' id='word_1_254' title='bbox 1082 4066 1247 4149; x_wconf 77' lang='lat' dir='ltr'>(quautam</span> <span class='ocrx_word' id='word_1_255' title='bbox 1262 4083 1286 4110; x_wconf 84' lang='lat'>=</span> 
     </span>
     <span class='ocr_line' id='line_1_36' title="bbox 103 4167 322 4249; baseline 0.014 -22"><span class='ocrx_word' id='word_1_256' title='bbox 103 4167 322 4249; x_wconf 83' lang='lat' dir='ltr'>quautapere).</span> 
     </span>
    </p>
   </div>
   <div class='ocr_carea' id='block_1_9' title="bbox 0 0 1422 4672">
    <p class='ocr_par' dir='ltr' id='par_1_9' title="bbox 0 0 1422 4672">
     <span class='ocr_line' id='line_1_37' title="bbox 0 0 1422 4672; baseline 0 0"><span class='ocrx_word' id='word_1_257' title='bbox 0 0 1422 4672; x_wconf 95' lang='lat' dir='ltr'> </span> 
     </span>
    </p>
   </div>
  </div>
 </body>
</html>
